2978 4718
688 333 705 390 8

620 407 773 417 ———

136 551 250 622 terum,
273 543 487 621 Brundisium,
509 541 782 627 minitantium),
805 543 972 620 zoilorum,
996 539 1184 626 usagium)
1207 559 1255 607 vv.

134 651 180 713 ili.
197 647 395 728 iteisaekeff)
412 646 541 728 Epieuri
563 646 601 710 de
621 648 800 712 animarum
827 647 944 710 natura
959 645 1136 709 doctrinam
1157 647 1256 711 aLu-

137 752 234 814 eretis
257 748 412 832 discipulo
433 750 604 813 tractatam
616 750 771 830 exposuit.
815 749 920 814 Huius
936 749 1197 813 oommentationi
1212 750 1258 814 ita

137 872 170 916 se
191 853 381 917 addixerunt
401 852 461 916 viri
482 852 589 927 (10551,Ι
602 854 640 915 ut
661 855 762 916 totam
784 852 1005 934 quaestionem
1024 851 1171 915 omnibus
1194 871 1256 916 nu·

137 954 231 1019 meris
262 955 440 1018 absolutam
462 955 607 1036 nihilque
631 973 796 1036 superesse
818 955 980 1036 putarent,
1003 953 1041 1018 de
1064 972 1135 1034 quo.
1148 957 1257 1036 posset

136 1058 301 1140 disputari.
347 1056 427 1122 Oum
443 1076 516 1120 vero
531 1057 701 1121 Reisaoker
723 1057 876 1139 quasdam
898 1055 1106 1120 difficultates
1129 1057 1257 1120 omnino

136 1180 198 1224 non
211 1161 398 1236 detexisset,
426 1161 505 1224 alias
527 1177 637 1241 parum
661 1162 747 1224 reete
763 1160 883 1223 solvere
899 1159 1085 1237 studuisset,
1107 1158 1179 1223 fieri
1193 1179 1257 1223 nun

135 1265 249 1346 potuit,
271 1263 350 1344 quin
372 1263 417 1340 ei,
446 1263 502 1344 qui
524 1258 598 1326 eum
626 1263 728 1328 seouti
753 1259 906 1326 earminis
932 1261 1122 1343 seripturam
1148 1281 1256 1327 emen-

136 1367 209 1430 dare
230 1366 406 1442 studerent,
429 1365 463 1428 in
485 1383 638 1446 magnum
660 1383 798 1429 errorem
820 1365 1052 1429 delaberentur.
1106 1365 1195 1445 Quae
1217 1386 1258 1430 ne

136 1473 254 1533 temere
268 1467 492 1550 pronuntiasse
507 1467 680 1545 videamur,
703 1467 774 1532 vide
793 1467 1002 1545 nomentanus,
1024 1466 1142 1548 quibus
1159 1468 1256 1533 Suse-

136 1571 297 1652 mihlius⁶)
326 1572 500 1652 praeeunte
529 1568 700 1652 christini)
734 1563 772 1634 et
788 1569 990 1652 Ribeekius⁸)
1024 1589 1072 1634 vv.
1092 1571 1146 1652 jli.
1181 1572 1257 1635 libri

135 1674 225 1738 tertii
251 1691 379 1738 versum
410 1673 471 1736 118
500 1691 564 1736 non
586 1675 653 1736 tem
675 1675 882 1736 correxerunt
910 1690 1005 1753 quem
1034 1672 1257 1754 depravarunt.

136 1777 262 1840 Primus
285 1775 453 1856 Woltjer⁹)
479 1775 595 1856 quibus
618 1775 707 1839 vitiis
729 1775 911 1838 Reisaokeri
933 1774 1108 1857 disputatio
1130 1776 1256 1840 lebona-

133 1882 192 1956 ret‚
215 1877 354 1942 dilueiee
377 1877 511 1959 speruit.
581 1899 584 1904 ·

240 1995 323 2061 Setis
346 1999 458 2061 notum
485 1998 535 2060 est
566 1999 772 2077 veterumque
803 1996 998 2062 testimoniis
1033 1997 1256 2064 confirmatum
1309 2070 1317 2088 α

133 2099 307 2180 Epicurum
337 2079 416 2180 τήν
442 2075 587 2184 ψυχήν
605 2101 750 2163 constare
769 2099 960 2164 voluissem
983 2101 1134 2182 quattuor
1155 2101 1256 2182 parti-

131 2219 210 2282 bus:
248 2207 672 2304 nqoequqsqe'eeauou
690 2195 735 2279 δὲ
753 2203 960 2301 πνεύματι
981 2203 1149 2306 θερμοῦ
1164 2233 1255 2282 τινα

131 2325 280 2422 κρᾶσιν
314 2326 461 2421 ἔχοντι
488 2329 557 2399 καὶ
582 2319 748 2422 a'e'pogw)
875 2327 965 2400 ἔστι
993 2317 1037 2401 δέ
1062 2350 1102 2399 τι
1129 2324 1256 2424 μέρος

133 2459 159 2504 e.
189 2461 218 2524 q.
241 2460 266 2504 s,
298 2441 389 2521 Diog.
420 2436 525 2504 Laert.
555 2439 658 2504 Xoe.
708 2439 776 2504 Iam
805 2441 983 2522 quaeritur,
1014 2439 1168 2525 quomodo
1196 2442 1255 2508 hae

132 2543 284 2624 quattuor
310 2545 416 2626 partes
446 2542 530 2624 opud
559 2541 745 2607 Lucretium
774 2543 860 2608 inter
887 2545 1031 2608 animum
1061 2547 1094 2608 et
1115 2545 1255 2609 animam

131 2645 200 2709 sint
231 2642 431 2726 distributae.
483 2645 589 2726 Atque
620 2645 789 2710 Reisaeker
819 2647 853 2726 (1.
880 2646 902 2711 1.
933 2663 983 2728 pg.
1007 2643 1061 2729 21)
1095 2647 1254 2711 affirmare

132 2765 196 2809 non
218 2746 393 2828 dubitavit,
421 2749 486 2811 tres
502 2749 625 2829 partes,
657 2766 781 2826 auram,
811 2749 963 2826 calorem,
995 2766 1099 2812 aerem
1128 2749 1254 2814 effluere

131 2849 281 2925 enimam,
297 2849 443 2930 quartum
463 2851 570 2912 autem
586 2849 738 2916 animum.
764 2851 867 2938 ¹Haeo
882 2868 954 2932 pars
971 2868 1044 2914 eum
1059 2851 1127 2915 sola
1142 2868 1254 2915 sensus

131 2949 290 3033 partieeps
306 2968 375 3015 esse
390 2950 570 3044 dictumst),
585 2952 712 3017 enimus
727 2953 814 3016 solus
830 2951 864 3015 in
879 2951 971 3016 nobis
987 2951 1096 3017 sentit.
1132 2950 1253 3033 Quem-

234 3145 254 3212 ι)
272 3145 478 3214 Eneyeiopeedie
495 3159 546 3198 von
563 3147 646 3199 Erech
663 3149 716 3200 und
736 3147 836 3201 (imber
854 3147 916 3200 Vol.
934 3147 1051 3200 XXXV.

216 3232 253 3299 ⁴)
273 3229 405 3299 &sitiente
422 3232 463 3286 tet
476 3229 689 3286 maternusque.
725 3231 844 3298 stettein
865 3233 939 3286 iesu.

234 3319 254 3384 ὖ)
272 3317 379 3385 Epicuri
395 3320 428 3370 de
440 3317 686 3371 emmerammum
702 3320 818 3371 doctriua
833 3319 978 3371 abuenetio
994 3319 1122 3384 discipulo
1135 3325 1254 3372 tractata.

131 3405 204 3470 Prgr.
225 3403 308 3456 Coela
327 3405 404 3458 1855.
421 3417 423 3419 ·
442 3403 443 3406 ’

234 3490 255 3554 ⁰)
273 3489 344 3541 Phii.
361 3488 443 3539 xxm
460 3505 504 3556 pg.
523 3489 553 3541 31
575 3489 652 3544 Aum.

234 3573 256 3639 ⁷)
273 3573 444 3636 Quaestione·
463 3575 640 3626 Lueretisnee.
674 3575 806 3627 Mtnohen
825 3575 891 3628 1855
909 3591 955 3642 pg.
975 3575 1016 3628 19.

236 3659 255 3717 't
274 3652 366 3711 iiheiu.
384 3661 504 3711 Museum
523 3657 602 3710 XXX
625 3673 667 3727 pg.
686 3659 745 3713 634.

235 3743 255 3808 ⁹)
274 3743 384 3796 Lucretii
400 3746 566 3812 philosophie
583 3761 642 3797 enm
658 3745 773 3798 fontibus
790 3753 947 3812 comparate.
991 3746 1156 3812 Groeniugeu
1176 3747 1253 3798 1877.

228 3831 260 3894 ¹⁰)
280 3831 320 3884 De
337 3833 388 3882 hee
407 3830 576 3897 Woltjeuieue
592 3833 740 3884 comestore
756 3830 808 3898 (pg.
826 3831 870 3898 m)
894 3832 1040 3882 nantissime
1067 3833 1165 3885 iudicat
1190 3833 1254 3882 Pnu-

128 3931 221 3968 menm
238 3917 266 3968 iu
282 3914 394 3983 ,zenam
417 3914 663 3984 eitterutueeeuunq
689 3917 754 3970 1879
777 3933 820 3984 pg.
838 3917 903 3971 414:
933 3913 979 3981 „tt
1004 3915 1121 3983 ”tutatust
1148 3913 1210 3982 uidit
1226 3929 1255 3984 qu

129 4003 252 4068 qeuuqt.⁴‘

235 4086 265 4153 Ἰ)
284 4088 361 4140 Lucu.
383 4087 413 4140 ΙΙΙ
437 4087 495 4140 238.
539 4077 699 4140 Lachmauni
730 4088 841 4140 numeris
874 4093 940 4140 utor.
991 4087 1256 4140 Pseudo-Plutarchi

128 4171 231 4224 Pleoita
247 4173 460 4240 philosophorum
478 4171 518 4222 IV
536 4173 560 4225 3.
578 4175 603 4226 5.
639 4173 765 4224 Stobaeus
793 4175 832 4226 ed.
851 4174 971 4228 Meineke
998 4173 1097 4225 1798:
1120 4157 1173 4230 888
1187 4165 1256 4244 ὲυτᾷ

129 4257 379 4325 niahomon-vim
394 4258 440 4324 8¹3·
455 4257 525 4340 48τᾷ
538 4254 572 4321 η’
586 4257 743 4326 ineffectum.

1071 4360 1102 4414 1*
