2978 4718
765 256 797 310 16

218 460 353 525 mutatio
376 461 412 525 in
432 480 526 527 versu
547 481 611 526 non
633 463 716 527 nihil
742 463 962 546 castigationis
992 464 1182 546 deposcente
1212 466 1340 533 fieret‘:

123 647 125 654 y
219 563 374 645 quaedam
397 564 470 647 quei
493 568 601 629 mente
626 567 784 632 volutant.
835 567 955 630 Locum
984 584 1068 644 „non
1094 567 1186 632 valde
1216 570 1340 652 perspi-

218 672 333 730 cuum‘
356 667 508 748 explicat:
532 668 607 744 „sed
630 669 757 734 admitti
779 670 894 752 nequit
915 671 994 734 haec
1016 670 1079 734 tria
1093 687 1184 750 posse
1208 671 1342 752 gignere

218 772 323 833 motus
356 769 540 847 sensiferos
575 771 630 853 qui
660 773 842 836 consistunt
875 773 909 836 in
942 772 1131 854 quibusdam
1156 775 1338 838 volutantis

217 891 274 953 per
295 874 465 936 mentem“.

324 973 392 1038 Nec
427 974 630 1040 Eichstadius
663 995 723 1041 nec
755 963 908 1060 Forbiger
943 977 1018 1042 novi
1056 977 1229 1059 quidquam
1265 997 1339 1060 pro·

218 1077 374 1142 tulerunt.

323 1179 361 1242 In
392 1181 527 1262 utraque
558 1181 742 1246 coniectura
768 1182 917 1264 displicet
947 1183 1029 1248 illud
1056 1183 1251 1264 „quaedam“
1283 1185 1339 1268 (cf.

218 1281 416 1346 Lachmanni
439 1285 702 1349 commentarium
724 1303 776 1366 pg.
795 1286 879 1367 153),
902 1285 1036 1367 quodsi
1059 1287 1131 1369 quis
1154 1305 1228 1351 cum
1243 1287 1337 1352 Mun-

217 1404 293 1448 rone
316 1403 354 1449 11
376 1403 471 1449 versu
495 1386 554 1449 241
579 1387 614 1451 in
636 1388 722 1452 hunc
744 1407 873 1452 versum
895 1389 1063 1470 irrepsisse
1086 1389 1222 1474 putabit,
1246 1391 1339 1454 facilc

218 1489 324 1553 locum
354 1489 401 1552 ita
427 1489 567 1553 mutabit
597 1492 635 1554 ut
663 1491 784 1556 scribat
812 1492 887 1573 „qui
918 1494 1060 1556 mentem
1090 1511 1225 1574 cumque
1248 1495 1338 1556 volu-

217 1593 318 1656 tant“.
364 1591 409 1655 Ex
424 1593 484 1656 hac
499 1594 680 1673 corruptela
702 1611 890 1675 cognossem
913 1595 991 1660 licet
1014 1595 1207 1660 industriam
1220 1594 1338 1658 curiosi

217 1693 350 1771 librarii,
370 1694 468 1758 cuius·
485 1694 519 1757 in
542 1695 685 1760 versibus
707 1695 901 1778 refingendis
922 1716 1059 1779 operam,
1081 1700 1119 1761 ut
1140 1696 1219 1760 alios
1241 1697 1337 1760 omit·

217 1800 294 1875 tam,
316 1797 450 1878 Brieger
471 1797 504 1861 in
521 1797 687 1879 Philolcgo
703 1799 791 1862 XXV
813 1819 865 1882 pg.
883 1801 922 1864 75
942 1800 1103 1882 cognovit.
1149 1798 1230 1863 Cum
1252 1799 1339 1863 enim

218 1918 322 1963 errore
356 1899 492 1981 quodam
525 1900 713 1964 venabulum
751 1906 932 1978 „mentcnr‘
968 1903 1109 1985 positum
1146 1905 1231 1966 esset
1266 1904 1339 1984 post

217 2007 403 2084 ‚‚cumque“‚
439 2003 610 2081 librarius,
646 2006 684 2067 ut
722 2004 884 2069 sincerum
920 2023 1045 2070 versum
1083 2005 1246 2082 redderet,
1283 2023 1339 2086 pro

217 2106 396 2183 „mentem‘
412 2105 541 2186 scripsit
556 2110 712 2182 „montet
756 2107 887 2170 Praesto
903 2110 980 2171 sunt
999 2111 1197 2190 argumenta,
1221 2095 1337 2188 quibus

217 2209 299 2271 hanc
327 2208 497 2272 lectionem
525 2209 682 2290 possimus
705 2209 890 2288 defendere,
919 2229 1111 2292 quamquam
1134 2230 1197 2275 non
1221 2209 1339 2273 desunt

217 2311 277 2374 viri
300 2311 398 2390 diecti,
428 2311 484 2393 qui
505 2312 638 2392 negent,
668 2313 754 2376 recte
781 2315 906 2394 poetam
929 2315 1070 2394 potuisse
1093 2315 1196 2378 dicere
1227 2329 1337 2390 „mens

216 2413 359 2496 recipit‘,
382 2413 547 2494 scripsisse
564 2433 637 2478 eum
652 2433 722 2490 „res
744 2416 878 2494 recipit‘
901 2392 1158 2494 (ἐνδέχεται).
1192 2413 1261 2477 Nec
1285 2417 1335 2476 ta·

217 2535 291 2579 men
313 2516 348 2579 in
370 2515 514 2579 codicum
529 2534 696 2591 consensu,
719 2533 793 2578 oum
815 2515 931 2576 erroris
952 2515 1044 2576 nulia
1065 2531 1161 2576 causa
1175 2517 1338 2594 appareat,

215 2618 253 2681 de
286 2617 445 2699 scriptura
476 2616 603 2680 videtur
635 2615 856 2680 dubitandum.
912 2614 1019 2696 Atque
1046 2631 1065 2678 a
1095 2614 1245 2679 Lucretio
1275 2617 1335 2680 hoc

173 2713 176 2717 ’
215 2720 342 2784 dicendi
367 2738 473 2800 genus
501 2718 633 2782 minime
662 2718 801 2784 alienum
835 2736 906 2782 essa
937 2718 1097 2800 putarim:
1135 2737 1245 2795 „mens
1274 2738 1339 2784 non

215 2823 329 2903 recipit
356 2841 413 2887 seu
441 2839 505 2886 nou
527 2821 783 2903 comprehendit,
814 2822 928 2888 harum
951 2821 1049 2886 trium
1071 2821 1212 2903 partium
1236 2823 1336 2886 ullam

216 2943 269 2988 eos
291 2926 397 2990 motus
418 2925 549 3006 gignere
571 2943 672 3006 posse,
695 2925 751 3006 qui
772 2924 884 3005 ipsam,
907 2923 984 2988 dum
1006 2924 1045 2988 de
1066 2925 1126 2988 hac
1148 2943 1182 2988 re
1205 2925 1337 3005 cogitat,

216 3027 352 3092 incitant
376 3029 473 3109 atque
494 3030 651 3092 mouent.“
695 3027 796 3096 Paulo
818 3029 894 3090 ante
921 3026 1032 3090 codem
1053 3026 1145 3090 modo
1168 3025 1336 3090 Lucretius

216 3129 309 3194 dixit:
354 3133 412 3208 „ut
444 3148 616 3210 cognoscas
648 3127 988 3210 quartasdecimas,
1021 3129 1166 3194 animum
1182 3129 1335 3192 aduerte“

216 3229 265 3297 ΙΙΙ
289 3233 348 3296 177
371 3252 418 3315 sq.
468 3231 579 3314 Neque
610 3250 684 3296 uero
710 3232 779 3296 ulle
805 3250 855 3296 res
887 3249 990 3296 meam
1020 3233 1214 3296 sententiam
1233 3231 1337 3311 magis

216 3337 301 3401 tueri
323 3335 464 3425 videtur,
493 3353 587 3416 quam
610 3353 721 3400 versus
744 3335 805 3398 245
828 3353 874 3416 sq.
896 3335 959 3398 270
982 3353 1027 3416 sq.
1062 3335 1177 3416 quibus
1205 3337 1337 3415 quartae

217 3441 264 3503 vis
287 3439 467 3509 accuratius
490 3437 691 3508 describitur.
736 3437 827 3501 Hanc
850 3437 1068 3512 substantiam.
1083 3437 1254 3502 sensiferos
1270 3453 1336 3499 mc-

218 3546 271 3606 tus
295 3541 463 3606 Lucretius
486 3544 654 3622 perettus
677 3541 785 3606 didere
808 3541 919 3604 docet:

364 3645 487 3726 „prima
507 3644 610 3709 cietur
632 3645 719 3709 enim
741 3644 845 3726 parvis
868 3642 1011 3724 perfectu
1032 3643 1161 3724 figuris:

362 3747 456 3825 „inde
479 3749 564 3812 calor
586 3750 692 3811 motus
715 3749 749 3812 et
771 3746 859 3810 venti
878 3763 972 3810 caeca
993 3749 1135 3828 potestas
1157 3792 1159 3800 .

363 3850 508 3932 ‚accipit
532 3850 605 3915 inde
628 3868 696 3914 aer:
720 3849 794 3914 inde
818 3849 925 3913 omnia
946 3849 1201 3914 mobilitantur“.

217 3971 329 4052 Itaque
351 3970 492 4035 dubitari
514 3970 642 4053 nequit,
672 3970 751 4051 quin
783 3970 842 4034 hoc
872 3971 941 4033 loco
964 3970 1132 4034 Lucretius
1168 3966 1201 4031 in
1234 3967 1339 4030 animo

217 4073 365 4138 habuerit
398 4091 530 4138 sensum
551 4072 651 4140 auimi
673 4091 730 4137 seu
751 4073 988 4155 cogitationem,
1014 4073 1105 4137 cuius
1127 4071 1285 4152 originem
1307 4070 1341 4134 in

217 4175 298 4241 libro
321 4184 434 4262 quarto
457 4176 561 4243 insius
584 4177 731 4259 explicat.
775 4176 886 4260 Neque
907 4179 959 4240 est
981 4176 1064 4259 qnod
1086 4173 1258 4253 miremur,
1289 4173 1342 4238 hic
