2978 4718
665 330 695 382 31

119 539 157 602 de
182 536 356 601 voluntatis
376 535 523 600 libertate
553 534 767 617 ingredimur,
796 532 848 598 ria
875 535 985 598 utrum
1013 532 1175 614 probanda
1204 550 1246 596 an

120 638 278 705 reicienda
299 639 351 715 sit
374 656 411 702 er
434 638 480 702 eis
503 638 564 702 erit
586 636 843 713 diiudicandum,
870 653 951 717 quae
981 634 1066 700 infra
1086 637 1160 699 tota
1180 636 1240 699 hac

120 742 305 824 quaestione
338 740 516 805 videbimur
548 739 700 804 effecisse.
757 740 876 820 Estque
899 755 937 802 ea
958 756 1032 802 oum
1060 737 1247 802 coniectura

119 844 307 926 probabilis,
341 846 411 908 tum
444 843 635 926 quibusdam
668 842 765 907 etiam
799 839 943 922 vestigiis
977 858 1014 904 ex
1050 839 1240 922 fragmentis

120 946 413 1012 Herculanensibus
436 946 537 1010 erutis
560 945 731 1009 indicatur.

225 1083 273 1147 Ao
293 1082 434 1164 primum
456 1081 585 1165 quidem
600 1100 640 1145 ne
661 1080 809 1163 pluribus
825 1079 999 1157 ostendam,
1022 1098 1086 1144 non
1102 1079 1245 1162 potuisse

118 1185 344 1268 philosophum
373 1185 499 1262 docere,
534 1183 657 1266 aliquot
691 1183 805 1248 atomis
835 1182 1017 1247 declinandi
1048 1184 1247 1248 voluntatem

120 1287 219 1352 fnisse
243 1286 397 1364 innatam,
420 1287 593 1365 videamus,
609 1305 672 1368 qua
683 1286 807 1349 ratione
819 1285 977 1367 Epicurus
1000 1285 1246 1351 declinationem

119 1392 299 1454 atomorum
328 1388 496 1454 defendere
525 1388 695 1454 studuerit.
747 1387 1014 1470 Democritusw),
1036 1391 1147 1453 auctor
1175 1390 1246 1454 ato-

120 1510 261 1569 morum,
295 1491 356 1556 dnc
379 1493 484 1556 motus
515 1510 632 1573 genera
654 1508 722 1556 esse
746 1493 919 1556 statuerat:
943 1490 1080 1555 alterum
1110 1491 1149 1555 ad
1171 1491 1245 1556 uni-

120 1612 225 1658 versas
240 1595 361 1659 atomos
372 1595 547 1676 pertinens,
562 1596 700 1658 alterum
715 1593 753 1656 ad
777 1592 921 1675 singulas
936 1594 1094 1675 spectans.
1125 1594 1246 1659 Prioris

120 1701 225 1761 motus
254 1696 449 1780 principium
476 1696 540 1760 luit
567 1696 758 1770 necessitas,
791 1696 924 1760 alterius
958 1697 1062 1778 plaga
1116 1696 1246 1761 Placuit

120 1800 206 1880 enim
227 1781 431 1881 philosopho,
455 1802 575 1863 atomos
606 1798 796 1862 necessitate
819 1800 922 1862 motas
945 1816 978 1862 se
999 1815 1091 1880 posse
1114 1800 1246 1880 tangere

120 1901 253 1982 ideoque
276 1900 466 1982 vertiginem
488 1901 623 1966 efficere.
667 1899 824 1982 Epicurus
847 1905 955 1966 autem
978 1919 1051 1965 oum
1076 1901 1246 1984 intellege-

120 2002 229 2086 ret⁴¹),
262 2004 297 2066 in
323 2003 412 2066 inani
445 2003 548 2086 spatio
571 2021 623 2068 eas
646 2003 802 2085 gravitate
825 2002 974 2068 cadentes
1006 2022 1039 2068 se
1069 2023 1134 2068 non
1155 2023 1247 2086 posse

120 2108 262 2188 tangere,
285 2105 340 2170 sed
355 2106 446 2170 nulla
459 2125 493 2171 re
519 2107 689 2172 resistente
711 2124 812 2188 aequa
834 2103 997 2171 eeleritate
1020 2125 1129 2171 omnes
1152 2107 1246 2172 lineis

119 2208 282 2290 parallelis
304 2208 396 2285 ferri,
419 2210 552 2275 tertium
574 2212 679 2274 motus
703 2227 803 2290 genus
826 2208 953 2273 induxit
982 2208 1246 2273 declinationem:

12 2296 13 2312 ¹
121 2311 196 2375 nro:
220 2309 252 2374 11
275 2313 337 2375 mo
361 2330 433 2394 sqq:

204 2445 309 2524 „Illud
331 2448 365 2512 in
387 2448 438 2511 his
460 2465 586 2529 quoqne
608 2449 640 2511 te
663 2448 758 2512 rebus
782 2465 971 2529 cognoscere
995 2465 1134 2527 avemus,

203 2569 354 2632 „corpora
376 2569 449 2614 oum
471 2550 620 2614 deorsum
643 2553 767 2616 rectum
790 2569 846 2632 per
869 2550 963 2614 inane
986 2549 1145 2629 feruntur,

203 2653 415 2736 „ponderibus
437 2652 575 2742 propriis
598 2653 719 2718 incerto
743 2656 884 2736 tempore
907 2651 1007 2718 ferme

203 2755 417 2836 „incertisque
440 2755 501 2819 loci
524 2755 636 2836 spatiis
664 2756 819 2820 decellere
841 2757 983 2838 paulum,

203 2857 349 2933 „tantum
373 2856 457 2944 quod
479 2875 606 2920 momen
628 2859 791 2922 mutatum
811 2858 916 2922 dicere
938 2857 1052 2940 possis.

202 2958 392 3041 „quodnisi
415 2958 574 3023 declinare
597 2961 747 3037 solerent,
770 2961 878 3024 omnia
899 2960 1056 3038 deorsum,

202 3060 333 3140 „imbris
357 3061 405 3125 uti
427 3063 548 3142 guttae,
572 3063 721 3127 caderent
742 3082 798 3144 per
820 3063 915 3127 inane
937 3062 1143 3146 profundum,

201 3182 280 3242 „nec
302 3163 385 3229 foret
407 3164 548 3229 offensus
571 3168 666 3230 natus
689 3184 749 3230 neo
771 3166 866 3248 plaga
888 3169 993 3230 creata

203 3267 404 3349 „principiisr
427 3268 474 3332 ita
495 3269 543 3334 nil
565 3287 718 3351 nmquam
740 3271 857 3334 natura
878 3270 1047 3333 creasset.“

118 3402 167 3466 Ad
191 3403 273 3466 hanc
294 3404 542 3470 declinationem
563 3406 649 3470 haud
672 3407 736 3470 scio
760 3425 801 3470 an
823 3407 883 3470 hac
903 3405 1147 3470 ratiocinatione
1169 3404 1247 3486 Epi-

117 3523 210 3569 curus
243 3505 359 3570 ductus
393 3508 445 3574 sit.
497 3505 531 3572 Si
564 3526 689 3590 semper
722 3508 888 3590 gravitatis
922 3508 1048 3590 legibus
1086 3507 1248 3572 subiectae

116 3607 214 3671 atomi
236 3626 269 3671 sc
292 3610 481 3689 movissent,
511 3628 570 3674 nec
592 3629 626 3674 se
649 3610 833 3692 tetigissent
854 3629 913 3676 neo
935 3611 1092 3676 mundum
1126 3609 1246 3676 efficis·

116 3713 197 3776 sent.
254 3708 335 3774 Cum
367 3730 440 3776 vero
480 3716 658 3778 atomorum
698 3713 906 3779 concursione
938 3713 1079 3779 mundns
1120 3715 1248 3778 oreatus

116 3814 217 3888 esset,
247 3812 377 3891 statuit,
407 3832 535 3880 neeesse
565 3834 634 3880 esse
658 3816 812 3897 quasdam
842 3819 966 3881 atomos
993 3815 1031 3881 de
1052 3816 1140 3880 recta
1161 3815 1248 3878 linea

116 3915 278 3980 aberrasse
311 3915 452 3998 aliasque
485 3918 643 4000 tetigisse.
697 3918 889 3984 Declinandi
922 3922 1030 3984 autem
1059 3918 1150 3983 nulla
1184 3916 1248 3982 alia

215 4157 248 4220 ⁴⁰)
266 4158 439 4209 Mollaehins:
456 4156 600 4208 Democriti
612 4158 752 4210 Abderitae
765 4173 871 4224 operum
883 4158 1035 4224 fragmenta.
1058 4172 1100 4225 pg.
1114 4157 1172 4210 381.
1185 4157 1244 4208 382.

216 4240 396 4307 ⁴¹),Hirzelins
415 4244 432 4294 l.
449 4243 468 4295 l.
485 4259 528 4310 pg.
550 4244 607 4298 162.
