2978 4718
695 345 724 394 41

637 417 788 426 -ψ-ο-ι

153 551 248 615 Hune
277 551 396 629 locum,
431 569 525 633 quem
552 569 628 616 suae
654 549 832 616 sententiae
865 551 990 614 obstare
1016 548 1152 627 videret,
1187 547 1271 612 Lob-

154 633 291 718 niannus
317 653 364 718 ita
392 653 547 735 explicere
576 656 709 718 conatus
739 655 800 717 est:
852 637 941 730 „His
960 649 1140 716 confirmari
1168 651 1275 734 potest

155 756 246 820 nulla
261 757 424 820 sententia
437 757 501 821 nisi
517 757 610 822 haec:
634 757 805 821 simulacra
819 755 947 820 meandi
969 755 1111 819 animum
1128 755 1274 818 nostrum

155 860 302 942 pulsant:
326 859 400 924 indo
422 861 563 942 potestas
586 860 633 924 fit.
677 858 751 922 Non
774 875 836 941 quo
858 859 1029 941 depravatu
1051 857 1095 922 sit
1117 855 1275 938 scriptura

155 979 234 1044 quae
258 961 412 1039 traditur,
442 961 498 1026 sed
520 961 712 1044 explicatum
734 961 845 1040 habet,
868 959 1037 1026 dummodo
1058 961 1184 1044 poetam
1206 960 1273 1023 sta·

155 1067 228 1129 tuas
251 1063 298 1129 ita
320 1065 492 1146 cogitasse:
516 1064 689 1129 simulacra
701 1065 833 1146 pulsant
848 1064 1009 1128 aninrum:
1032 1061 1105 1127 inde
1129 1063 1275 1128 voluntas

154 1167 206 1243 fit,
237 1167 313 1250 quie
340 1187 404 1230 non
426 1167 495 1231 sine
525 1167 571 1232 eis
602 1166 670 1232 fieri
700 1168 836 1249 potest.“
887 1165 994 1249 Atque
1016 1167 1102 1230 recte
1124 1183 1158 1230 so
1179 1163 1277 1228 babet

154 1271 232 1334 haec
255 1269 486 1352 interpretatio,
510 1269 538 1334 si
560 1269 690 1352 quidem
711 1287 821 1334 verum
844 1271 903 1346 est,
930 1269 1127 1334 voluntatem
1149 1265 1276 1331 meandi

155 1373 218 1436 iam
241 1391 310 1437 esse
333 1373 367 1436 in
383 1372 498 1450 animo,
521 1372 679 1450 siminus,
702 1371 736 1436 id
758 1372 841 1454 quod
864 1371 1044 1436 addubitari
1059 1371 1184 1452 nequit,
1208 1370 1277 1452 ipsa

155 1475 284 1542 corruit.
330 1474 421 1554 Quod
444 1493 516 1539 cum
538 1475 585 1540 ita
607 1475 659 1550 sit,
682 1474 720 1540 de
743 1475 902 1539 libertatis
925 1474 1090 1538 voluntate
1115 1472 1275 1556 quaestio·

155 1577 285 1642 nemin
307 1578 389 1642 libro
412 1579 525 1660 quarto
548 1596 583 1642 oo
605 1579 756 1659 putamus
779 1577 883 1660 tangi,
915 1576 999 1659 quod
1021 1577 1190 1641 Lucretius
1221 1593 1276 1640 vo-

155 1681 313 1745 luntatem
336 1699 400 1744 non
422 1679 556 1744 liberam
579 1697 648 1745 esse
670 1681 816 1744 videatur
845 1680 999 1745 docuisse.
1049 1679 1147 1744 Reate
1177 1677 1278 1760 igitur

155 1782 293 1863 Woltjer
315 1781 506 1859 observavit,
531 1781 717 1846 Lucretium
740 1783 803 1846 sibi
825 1783 1052 1847 contradicere.
1097 1781 1170 1845 Non
1192 1783 1277 1846 reete

156 1886 263 1949 tamen
285 1884 368 1949 idem
391 1885 440 1948 vir
461 1884 573 1949 doctus
598 1885 733 1962 censuit,
755 1887 793 1949 ut
813 1886 877 1949 iem
900 1886 940 1950 ad
961 1885 1080 1949 librum
1102 1883 1278 1949 seeundum

156 1987 338 2065 redeamuS,
368 1987 407 2050 ad
438 1986 652 2051 resistendum
679 1987 850 2053 resistendi
877 1988 1048 2052 simulacra
1075 2003 1144 2051 esse
1166 2004 1276 2051 ueces-

156 2090 248 2154 saria.
293 2089 332 2154 ln
353 2089 405 2154 hie
427 2089 512 2154 enim
535 2090 696 2156 versibus:

424 2195 553 2271 „temen
576 2211 645 2258 esse
667 2193 700 2257 in
724 2195 851 2276 pectore
873 2196 1003 2258 nostro“

155 2295 325 2377 „quiddam
349 2295 432 2377 quod
455 2298 565 2360 contra
586 2314 729 2377 pugnare
752 2296 942 2378 obstareque
957 2295 1078 2380 possit“
1101 2294 1279 2359 doctrinam

155 2397 193 2461 de
217 2397 501 2479 anticipationibus
530 2398 629 2461 latere
664 2399 791 2480 opinor,
825 2399 941 2480 quibus
975 2399 1118 2478 animus,
1152 2397 1279 2462 etiamsi

157 2501 328 2564 simulacra
349 2519 412 2562 non
435 2501 469 2563 in
492 2517 564 2564 eum
588 2500 771 2579 incurrunt,
800 2503 906 2583 potest
927 2501 1086 2566 resistere.
1130 2499 1277 2582 Namque

158 2603 213 2666 ubi
237 2621 350 2684 eorpus
373 2603 404 2666 vi
425 2605 532 2690 estora
553 2604 759 2684 propellitur,
790 2605 916 2670 meandi
944 2604 1116 2668 simulacre
1138 2621 1280 2687 quaeque

158 2705 197 2768 ad
221 2709 361 2768 meatum
384 2705 563 2786 pertinent,
587 2705 767 2770 excitantur
790 2709 822 2771 et
844 2707 971 2771 animus
992 2707 1079 2772 inter
1101 2723 1138 2771 ea
1159 2705 1280 2771 discer-

158 2807 216 2879 nit,
241 2823 344 2870 rneare
366 2807 446 2870 velit
475 2825 515 2870 an
544 2808 684 2872 resistat
729 2808 807 2873 Inde
829 2810 880 2887 fit,
911 2813 960 2886 ut,
983 2810 1074 2873 nulla
1101 2826 1198 2873 causo
1226 2825 1280 2871 ox-

158 2907 317 2972 trinseous
340 2908 453 2985 allata,
476 2899 601 2974 enimus
624 2913 755 2986 „contm
775 2930 918 2993 pugnare
941 2912 1148 2993 obstareque*
1170 2910 1280 2994 possit.

265 3027 355 3091 Hane
378 3031 485 3092 autem
501 3027 785 3095 inconcinnitatem
800 3031 949 3095 Lucretio
972 3031 1138 3113 opprobrio
1159 3032 1281 3095 vertere

158 3132 247 3195 netas
271 3149 339 3195 esse
361 3132 521 3212 putemus
576 3130 709 3197 Constat
738 3132 823 3197 enim
857 3134 962 3215 ipsum
984 3133 1160 3215 Epicurum
1182 3135 1282 3197 totam

158 3233 311 3315 physicen
334 3236 498 3315 tamquam
521 3235 672 3300 ancillam
694 3235 815 3299 ethices
845 3235 995 3300 habuisse
1024 3239 1056 3300 et
1085 3253 1104 3299 a
1131 3235 1283 3300 canonica

159 3352 253 3416 quam
277 3335 411 3400 maxime
434 3355 467 3400 se
491 3335 695 3402 abst-iuuisse.
741 3337 826 3417 Quid
848 3339 949 3420 igitur
967 3338 1093 3416 mirum,
1117 3336 1200 3419 quod
1215 3337 1280 3401 Lu-

158 3437 277 3501 cretius
305 3437 338 3501 in
366 3438 426 3502 hac
454 3438 600 3503 doctrina
625 3439 780 3504 luxuriari
802 3441 920 3518 noluit,
950 3459 1126 3523 quaecum
1153 3440 1281 3504 omnino

159 3539 301 3604 difficilis
325 3541 369 3603 sit
390 3541 559 3622 explicatu,
582 3543 652 3605 tum
675 3559 695 3605 a
715 3545 881 3624 poetarum
905 3543 1030 3608 dicendi
1046 3561 1162 3625 genere
1184 3542 1280 3607 vehe-

158 3646 283 3707 menter
305 3643 482 3720 abhorreat,
505 3646 538 3708 et
560 3644 638 3708 satis
661 3645 782 3722 habuit,
804 3646 996 3727 primoribus
1019 3645 1117 3711 labris
1133 3663 1202 3710 eam
1224 3643 1280 3709 de-

159 3747 304 3826 gustasse
327 3747 359 3809 et
382 3745 473 3826 quasi
495 3746 530 3810 in
553 3748 740 3812 transcursu
763 3747 952 3830 gravissime
973 3747 1135 3813 doctrinae
1162 3747 1282 3813 iudicia

157 3847 192 3910 in
215 3848 356 3912 carmine
378 3847 536 3929 tetigisse.
589 3849 634 3912 llx
657 3850 779 3915 duobus
810 3851 895 3915 enim
918 3850 996 3915 locis
1019 3851 1103 3916 inter
1125 3869 1159 3916 so
1182 3849 1280 3914 colla·

158 3949 200 4013 tis
224 3968 311 4013 mera
333 3951 464 4032 llpiouri
486 3951 632 4016 doctrina
653 3955 759 4034 potest
781 3952 899 4034 colligi,
923 3971 997 4017 cum
1020 3954 1101 4018 alter
1123 3953 1280 4031 ostendat,

157 4051 357 4116 voluntatem
380 4052 642 4134 cogitationibus,
676 4053 787 4120 idest
816 4055 1059 4120 simulacrorum
1087 4056 1280 4134 incursione,

158 4153 251 4230 oriri,
282 4155 364 4220 alter
393 4155 536 4219 animum
563 4155 629 4220 vim
656 4156 787 4235 habere,
816 4175 878 4240 qua
903 4158 954 4222 his
976 4157 1157 4223 simulacris
1179 4158 1281 4240 possit

157 4255 292 4323 obstare.
344 4257 465 4322 Tamen
487 4257 515 4322 si
537 4259 608 4341 quis
630 4258 720 4324 illam
742 4260 960 4326 diversitatem
992 4261 1126 4326 carmini
1147 4279 1166 4325 a
1187 4263 1281 4344 poeta
