2978 4718
668 345 702 398 29

1179 477 1197 507 m

122 555 300 618 atomorum
315 552 527 617 declinatione
543 552 602 617 fati
617 551 744 617 foedera
758 552 854 633 rupta
869 552 986 628 essent,
1008 547 1092 631 quod
1116 550 1245 632 quidam

122 675 159 720 ea
187 656 309 720 factum
338 673 407 719 csse
429 655 599 719 Lucretius
633 656 734 720 docet.
785 653 986 735 Quapropter
1018 655 1141 734 partem
1175 655 1245 717 ato-

122 777 246 823 morum
268 776 287 822 3
308 760 395 822 recta
409 757 496 822 linea
510 758 667 840 Epicurus
682 757 799 822 statuit
816 756 1021 833 aberravisse,
1044 755 1128 836 quod
1143 775 1244 820 unum

121 879 311 925 concursum
341 859 467 924 efficere
495 861 610 941 potuit.
663 859 815 941 (Woltjer
836 860 859 924 l.
882 860 902 924 1.
926 858 991 940 38.)
1043 856 1112 922 Iam
1139 861 1176 922 ut
1204 859 1243 922 de

121 963 302 1028 declinandi
324 964 489 1027 voluntate
511 981 717 1044 quaeramus,
747 962 781 1027 in
808 961 955 1026 omnibus
985 960 1099 1025 atomis
1122 961 1245 1030 caluit

119 1084 161 1129 an
183 1066 218 1129 in
246 1065 292 1130 eis
323 1065 399 1130 solis
431 1083 512 1146 quae
535 1065 761 1130 declinarunt?
814 1062 967 1128 Omnium
997 1063 1074 1128 hacc
1097 1064 1245 1129 voluntas

118 1168 247 1250 propria
290 1187 359 1234 csse
396 1187 460 1232 non
495 1169 614 1249 potuit,
654 1185 856 1250 nequaquam
895 1166 980 1230 enirn
1023 1167 1143 1244 elucet,
1187 1185 1244 1232 cur

119 1291 184 1336 non
212 1290 322 1336 omnes
351 1270 596 1348 declinaverint,
625 1270 680 1334 sed
702 1268 922 1334 tantummodo
944 1286 1017 1351 pars
1040 1268 1244 1335 aberraverit.

118 1373 264 1456 Aptaque
288 1373 397 1439 Cicero
421 1374 472 1456 (de
495 1373 560 1437 fato
582 1373 643 1436 XX
665 1373 719 1454 46)
743 1371 878 1454 quaerit,
901 1389 980 1435 num
1002 1371 1134 1436 sortitae
1155 1371 1241 1436 inter

118 1494 152 1540 se
182 1476 247 1540 sint
275 1477 373 1542 atomi
403 1495 503 1559 ‚quae
533 1478 619 1540 raotc
642 1493 722 1557 quae
755 1475 881 1556 oblique
906 1473 1080 1551 ferantur.“
1131 1473 1243 1557 Neque

117 1578 198 1642 mihi
225 1581 415 1662 persuadere
444 1598 573 1661 possum
607 1580 645 1641 ut
673 1577 817 1642 docuisse
850 1577 977 1642 credam
1005 1576 1180 1657 Epicurum
1209 1578 1242 1641 in

118 1681 163 1744 eis
197 1683 328 1759 atomis,
366 1700 382 1746 e
419 1681 536 1762 quibus
578 1699 652 1744 saxa
692 1682 855 1758 constant,
889 1681 1088 1744 voluntatem
1127 1680 1242 1745 inesse.

118 1782 240 1861 Quodsi
262 1802 371 1848 eorum
388 1783 566 1848 sententiaa
590 1782 833 1864 adstipulamur,
849 1782 905 1864 qui
926 1783 1040 1846 volunt
1061 1781 1243 1847 declinandi
1291 1769 1294 1776 ’

117 1886 316 1949 voluntatem
346 1885 510 1948 nonnullis
544 1885 658 1948 atomis
688 1885 824 1949 inditam
847 1903 933 1962 esse,
956 1902 1021 1948 una
1050 1883 1241 1950 difficultate

118 1986 247 2050 sublata
269 1987 303 2050 in
326 1987 420 2050 aliam
444 1987 625 2052 incidimus.
670 1986 715 2051 Ut
736 1987 821 2051 enim
844 1988 1032 2068 argumento
1055 1988 1128 2051 utar
1143 2005 1162 2050 a
1176 1987 1241 2052 Lu·

117 2089 216 2153 cretio
239 2093 375 2171 sumpto,
391 2091 446 2172 qui
461 2093 582 2155 atomos
606 2091 770 2154 voluntate
784 2091 944 2172 praeditas
967 2107 1036 2154 esse
1059 2089 1146 2167 velit,
1169 2109 1242 2154 cum

115 2193 266 2256 voluntas
289 2193 353 2257 nisi
375 2193 410 2258 in
432 2193 650 2258 adiurantibus
673 2212 736 2256 non
759 2195 818 2271 sit,
850 2212 902 2257 cas
925 2193 1114 2270 animantes,
1137 2192 1243 2256 idest

114 2295 222 2361 anima
243 2295 417 2360 instructas
433 2315 502 2361 esse
518 2299 658 2360 statuere
675 2295 778 2360 debet.
822 2296 891 2358 Hac
914 2295 1076 2360 sententia
1096 2296 1237 2376 probata,

116 2396 289 2460 discrimen
311 2397 531 2462 intercessisse
546 2397 740 2462 monendum
756 2399 814 2474 cst,
837 2397 989 2460 intereas
1012 2399 1133 2461 atomos
1159 2416 1240 2479 quac

116 2497 154 2562 dc
187 2499 239 2562 via
271 2498 474 2564 declinarunt
506 2503 539 2565 et
570 2500 711 2582 reliquas
747 2517 874 2576 omncs,
907 2499 991 2581 quod
1021 2498 1102 2564 aliae
1133 2503 1241 2565 essent

116 2601 290 2677 animatae,
317 2603 398 2667 aliae
429 2604 552 2668 animae
575 2591 728 2686 expertes.
774 2601 855 2672 (lum
883 2620 956 2666 vero
979 2601 1077 2666 atomi
1099 2603 1184 2668 inter
1205 2622 1239 2668 se

115 2721 179 2765 non
202 2703 368 2768 differrent
389 2707 452 2782 nisi
475 2707 714 2787 magnitudine,
745 2705 860 2790 forma,
888 2705 1060 2785 gravitate,
1083 2704 1153 2770 fieri
1175 2724 1240 2769 non
1275 2783 1281 2793 ‚

114 2804 235 2885 potuit,
265 2808 302 2868 ut
324 2806 481 2887 Epicurus
505 2808 645 2884 doceret,
669 2809 741 2872 aliis
772 2809 969 2872 voluntatem
992 2824 1061 2870 assa
1084 2807 1238 2887 innatam,

114 2907 186 2970 aliis
209 2925 273 2970 nen
296 2907 383 2973 item.
427 2909 580 2974 Firmiter
608 2910 708 2992 igitur
737 2911 772 2975 in
795 2929 832 2975 ea
853 2909 1015 2974 sententia
1037 2911 1176 2989 stamus,
1199 2914 1237 2976 ut

114 3026 153 3072 ne
169 3009 215 3073 eis
231 3010 360 3091 quidem
375 3030 454 3094 quae
478 3012 680 3076 declinarunt
695 3013 808 3077 atomis
831 3013 1030 3076 voluntatem
1056 3013 1237 3080 declinandi

112 3111 248 3176 inditam
270 3113 370 3178 fuisse
395 3114 601 3180 affirmemus.
646 3114 691 3179 Ut
704 3115 763 3178 hoc
777 3115 898 3192 addam,
921 3114 949 3179 si
972 3115 1005 3178 in
1021 3115 1100 3196 ipsis
1122 3118 1237 3182 atomis

112 3214 260 3278 voluntas
283 3215 407 3294 fuisset,
424 3217 593 3283 Lucretius
608 3219 712 3283 dicere
736 3237 800 3282 non
814 3218 987 3300 potuisset:
1011 3222 1116 3296 „certe
1131 3239 1235 3302 neque

112 3317 244 3381 consilio
266 3319 440 3401 primordia
454 3339 561 3384 rerum
578 3321 687 3384 ordine
710 3340 744 3385 se
767 3340 824 3385 suo
840 3339 983 3403 quaeque
999 3322 1106 3402 sagaci
1129 3325 1235 3386 monte

112 3419 287 3483 locarunt.“
311 3420 463 3504 (11021.)
494 3421 588 3487 Iuvat
602 3423 699 3487 ctiam
715 3423 858 3488 conferre
882 3422 947 3488 (lic.
963 3423 1002 3488 dc
1024 3423 1089 3487 fato
1120 3425 1170 3488 20.
1194 3425 1234 3488 47

111 3539 233 3602 „neque
255 3521 290 3584 in
312 3523 381 3604 ipsa
403 3526 508 3589 atomo
531 3525 721 3590 mutationis
750 3526 871 3608 aliquid
894 3526 1016 3591 factum
1039 3529 1097 3604 ast,
1121 3546 1233 3608 quam-

111 3622 217 3687 obrem
240 3625 418 3691 naturalem
439 3631 562 3692 motum
584 3628 635 3691 sui
656 3628 805 3710 ponderis
827 3647 892 3693 non
913 3631 1068 3694 teneret.“

217 3725 312 3791 Nunc
333 3731 502 3811 postquam
524 3731 701 3795 ostendisse
724 3731 816 3795 nobis
837 3732 995 3808 videmur,
1018 3734 1075 3795 aut
1100 3733 1233 3813 paulum

109 3829 271 3894 aberrasse
300 3848 318 3894 a
347 3849 419 3895 voro
449 3852 520 3911 cos,
550 3833 606 3915 qui
635 3833 809 3915 Epicurum
831 3834 1012 3900 declinandi
1034 3836 1232 3899 voluntatem

109 3931 143 3995 in
170 3932 248 4014 ipsis
278 3933 392 3998 atomis
419 3936 563 4016 posuisse
593 3939 729 4018 putant,
751 3940 808 4002 aut
828 3955 942 4018 parum
965 3936 1027 4000 sibi
1049 3937 1231 4002 constitisse

108 4036 342 4119 philosophum,
358 4054 431 4100 cum
447 4037 560 4102 atomis
576 4039 666 4103 illam
680 4039 746 4102 vim
762 4040 927 4116 tribuerat,
946 4040 1010 4102 iam
1032 4056 1231 4121 quaeramus,

109 4156 186 4202 mun
219 4141 339 4218 omnia,
374 4141 401 4204 si
429 4140 476 4205 ita
505 4141 635 4223 Epicuri
662 4141 864 4223 philosophia
886 4160 955 4206 sese
978 4142 1127 4219 haberet,
1150 4143 1229 4207 bena

108 4239 192 4304 inter
224 4261 257 4305 se
291 4244 505 4308 concinerent.
560 4242 698 4324 Woltjer
732 4245 860 4325 quidem
893 4245 958 4326 (pg.
988 4244 1062 4328 101)
1097 4243 1229 4309 difficile
