2978 4718
744 343 778 394 4⁴

198 548 267 612 curi
290 547 477 630 disciplinae
493 545 620 613 Marcus
643 549 757 614 habuit
778 549 944 626 eZenone,
960 549 1113 625 Phaedro,
1136 549 1321 614 Philodamo

198 651 363 733 Epicureis
396 670 456 716 nec
490 670 552 716 non
576 651 721 717 Philonis
744 651 926 716 Academici
959 652 1199 716 adversariam
1227 671 1321 717 snum

199 772 293 818 usum
315 753 528 836 convertit.⁶⁴)
572 753 732 836 Sequitur,
755 760 793 821 ut
814 756 849 820 hi
871 774 979 820 ornnes
1002 773 1117 819 nexum
1142 774 1210 821 esee
1230 757 1320 820 volu·

198 856 284 921 erint
298 857 382 921 inter
397 857 642 922 declinationem
658 857 887 940 principiorum
903 858 1129 940 hominumque
1145 859 1320 924 libidinem.

197 959 304 1040 Atque
328 960 424 1024 etiam
448 959 475 1024 si
497 960 698 1024 coniecturae
714 961 880 1042 indulgere
896 961 1001 1038 licoat,
1024 961 1063 1025 ed
1078 961 1197 1044 primos
1220 981 1321 1044 usque

198 1061 327 1144 Epicuri
350 1064 558 1128 assectatores
581 1062 776 1127 redeundum
800 1066 864 1140 est,
894 1064 922 1127 si
952 1063 1041 1128 illius
1071 1064 1233 1129 doctrinae
1263 1084 1320 1130 au·

198 1167 302 1230 atores
319 1184 507 1248 cognoscere
523 1166 678 1231 volumus.
719 1166 847 1230 Etenim
863 1185 934 1230 cum
957 1168 1100 1248 legamus
1124 1167 1208 1248 apud
1230 1167 1320 1233 Cice·

197 1287 306 1333 ronem
329 1268 381 1351 (de
403 1268 468 1332 fato
492 1267 538 1332 XI
559 1268 613 1349 23)
637 1267 783 1345 „acutius
806 1267 984 1334 Carneades
1007 1269 1062 1350 qui
1077 1269 1209 1334 docebat
1229 1288 1321 1352 posse

198 1371 370 1452 Epicureos
393 1390 483 1436 suam
514 1388 643 1436 oausam
675 1373 732 1448 (sc.
756 1371 934 1454 libidinem)
959 1371 1027 1436 sine
1051 1373 1109 1436 hac
1132 1373 1320 1438 commenti-

198 1474 248 1538 cia
277 1474 489 1539 declinatione
522 1473 699 1539 defendere.
756 1473 835 1538 Nam
866 1493 939 1538 oum
970 1475 1108 1549 doceret,
1130 1494 1222 1557 posse
1253 1495 1321 1540 esse

198 1577 366 1658 quemdam
395 1577 494 1641 animi
517 1579 640 1641 motum
661 1577 893 1653 voluntarium,
916 1576 948 1641 id
970 1576 1034 1640 fuit
1056 1577 1184 1642 delendi
1206 1577 1321 1642 melius

197 1698 293 1761 quam
322 1680 523 1744 introducere
557 1679 816 1756 declinationem,
850 1679 941 1744 cuius
973 1679 1160 1762 praesertim
1194 1698 1320 1745 oausam

197 1781 335 1864 reperire
350 1802 414 1847 non
428 1786 581 1865 possunt‘
597 1782 796 1857 coniecerim,
812 1782 867 1863 qui
882 1786 939 1846 aut
955 1780 1320 1847 Carneadishcedemiei

197 1887 301 1948 aetate
335 1889 392 1949 aut
424 1888 498 1948 ante
532 1904 604 1950 eum
639 1868 768 1966 Epicuri
802 1885 1035 1966 philosophiam
1068 1885 1321 1967 propagaverint,

197 1986 370 2068 discipulos
412 1987 560 2070 magistri
594 1988 769 2052 doctrinam
804 1987 985 2052 confudisse
1020 1990 1052 2051 et
1085 1988 1322 2052 cohaerentiam

197 2089 286 2153 illam
320 2089 481 2156 statuisse.
538 2089 630 2169 Quod
662 2090 887 2172 pronuntiasse
921 2090 1000 2154 satis
1029 2089 1198 2166 habemus,
1225 2109 1265 2155 ne
1287 2091 1321 2154 in

95 2253 97 2258 .
197 2210 293 2256 vanas
317 2193 516 2257 coniecturas
539 2192 761 2257 incideremus.
812 2191 898 2256 Illud
920 2194 1026 2256 autem
1049 2191 1182 2256 minime
1205 2193 1320 2257 mirum

197 2297 255 2371 est,
278 2295 361 2377 quod
383 2295 538 2360 traditum
561 2313 624 2359 non
648 2298 705 2371 eat,
724 2295 851 2377 Epicuri
872 2295 1091 2377 philosophiae
1114 2297 1212 2358 talem
1236 2313 1320 2360 com-

196 2397 407 2462 mutationem
431 2399 548 2463 laetam
571 2417 649 2476 esse,
672 2400 798 2480 qualem
821 2397 1028 2462 ostendimus.
1081 2397 1214 2462 Constat
1237 2398 1321 2461 enim

196 2498 378 2582 discipulos,
403 2501 458 2582 qui
479 2501 563 2592 nihil
585 2501 750 2595 antiquius
773 2500 940 2577 haherent,
967 2517 1062 2583 quam
1093 2503 1130 2564 ut
1158 2503 1325 2564 auctorum

196 2601 316 2683 placita
331 2602 457 2684 integra
471 2607 566 2685 atque
582 2604 766 2684 incorrupta
781 2603 927 2666 exhibere
943 2601 1136 2679 viderentur,
1160 2620 1238 2684 quae
1260 2601 1323 2683 ipsi

197 2704 349 2769 adderent
371 2723 514 2788 quaeque
536 2708 700 2770 mutarent
715 2705 877 2786 magistris
893 2704 971 2787 ipsis
988 2705 1200 2787 supposuisse.
1246 2704 1322 2786 (llx-

196 2808 337 2889 emplum
365 2808 566 2873 luculentum
594 2809 726 2892 praehet
752 2807 923 2889 disciplina
948 2807 1172 2889 Pythagorae.)
1228 2807 1322 2871 Post-

196 2927 292 2992 quam
308 2908 492 2976 Ciceronem
507 2930 571 2976 non
593 2912 710 2994 ubique
726 2911 787 2974 fide
803 2910 937 2991 dignum
951 2912 1067 2974 testem
1083 2928 1151 2974 esse
1174 2909 1323 2980 diximus,

196 3011 236 3076 ad
250 3012 459 3077 Plutarchum
485 3016 693 3078 transeamus.
733 3014 809 3076 Eius
831 3030 931 3093 pauca
954 3014 1048 3093 atque
1072 3011 1205 3076 obscura
1227 3012 1323 3077 verba

195 3132 259 3177 non
282 3115 433 3179 maiorem
456 3117 643 3197 scrupulum
665 3134 760 3198 quam
778 3115 940 3180 Ciceronis
963 3114 1081 3178 indicia
1095 3115 1186 3178 nohis
1202 3115 1320 3179 iniece-

196 3219 282 3281 runt.
328 3216 528 3300 Quamquam
554 3219 592 3282 de
619 3218 777 3295 fontibus,
806 3218 922 3301 quibus
952 3235 1030 3281 usus
1053 3217 1096 3280 sit
1118 3217 1321 3295 Plutarchus,

196 3318 275 3382 certi
304 3319 387 3384 nihil
409 3323 543 3396 constat,
567 3321 636 3385 sine
662 3322 730 3386 ulla
756 3321 954 3385 dubitatione
982 3319 1125 3398 dixerim,
1155 3321 1195 3384 ad
1221 3321 1322 3402 ipsius

197 3420 327 3502 llpicuri
350 3423 470 3506 scripta
492 3442 564 3488 eum
587 3443 651 3489 non
673 3424 815 3500 rediisse,
838 3442 910 3487 cum
925 3423 1027 3487 nostri
1042 3423 1222 3505 philosophi
1239 3424 1320 3506 phy-

196 3525 263 3588 sica
284 3525 387 3590 obiter
408 3528 537 3590 tantum
560 3530 593 3592 et
621 3527 712 3609 quasi
740 3527 776 3592 in
798 3529 984 3591 transcursu
1006 3527 1159 3606 tangeret.
1208 3525 1321 3606 (Volk-

197 3645 335 3691 mannus
357 3629 378 3692 l.
395 3631 415 3694 l.
440 3648 490 3711 pg.
515 3631 556 3693 33
579 3629 633 3711 ll.)
678 3629 785 3710 Atque
808 3631 886 3693 haec
908 3628 1036 3710 quidem
1059 3629 1230 3693 hactenus!

303 3764 394 3829 Licet
415 3783 496 3847 quae
518 3767 684 3848 hucusque
706 3766 744 3830 de
766 3765 908 3829 fontibus
928 3764 1197 3846 disputaverimus
1211 3765 1320 3829 nitan-

110 3923 113 3928 .
197 3868 251 3931 tur
273 3867 470 3947 argumentis
493 3867 731 3945 infirmioribus,
754 3886 849 3949 quam
865 3885 944 3950 quae
966 3886 1023 3950 per
1040 3886 1077 3939 ,se
1100 3867 1226 3950 possint
1247 3885 1319 3949 pro-

300 4191 331 4255 u)
350 4193 391 4242 De
409 4192 522 4244 lontibus
540 4192 673 4244 Cleeronis
692 4194 872 4257 quaesiverunt
888 4193 1029 4244 Krischeus
1047 4193 1073 4241 in
1085 4193 1150 4242 libro
1170 4189 1238 4254 „vlt
1256 4190 1320 4256 theos

198 4273 315 4343 Ioglldpen
335 4275 424 4344 tritta
443 4281 483 4332 tet
500 4275 648 4346 galrdplirhm
666 4277 787 4333 Ctulotfl
822 4295 865 4345 pg.
885 4279 925 4351 1¹0.
943 4279 977 4330 20
995 4286 1020 4328 at
1037 4277 1162 4329 Himellae
1180 4278 1190 4327 l
1216 4278 1234 4329 l.
