2978 4718
718 365 750 415 37

259 573 509 655 „quadratasquc
531 571 643 662 procul
664 570 762 635 turris
785 589 858 635 oum
882 570 1041 634 cernimus
1063 569 1162 646 urbis,

257 678 443 758 „propterea
464 676 503 738 fit
522 674 571 738 nti
594 673 762 737 videantur
784 691 876 755 saepe
898 673 1064 749 rotundae,

258 779 414 859 „angulus
437 780 570 859 optusus
593 776 667 858 quia
689 777 783 856 longe
806 775 948 840 cernitur
971 775 1089 851 omnis,

257 881 342 958 „sive
365 880 462 945 etiam
484 879 591 962 potius
614 898 678 942 non
701 879 844 943 cernitur
867 897 903 942 ac
924 878 1009 962 perit
1029 877 1098 942 eius

260 983 374 1065 „plaga
395 1001 454 1046 nec
477 981 523 1046 ad
538 984 663 1046 nostras
685 981 769 1046 acies
790 980 968 1063 perlabitur
989 981 1083 1058 ictus,

258 1104 351 1164 „aera
372 1105 429 1168 per
451 1086 588 1149 multum
612 1084 687 1166 quie
709 1085 785 1148 dum
808 1084 981 1148 simulacra
1002 1083 1167 1160 feruntur,

259 1188 366 1269 „cogit
387 1188 557 1251 hebescere
579 1205 653 1251 eum
675 1185 794 1250 crebris
817 1185 991 1251 offensibus
1014 1203 1076 1250 aer.

259 1291 338 1367 „hoc
361 1289 416 1353 ubi
438 1289 574 1370 suffugit
596 1307 724 1353 sensum
747 1289 845 1353 simul
868 1289 1006 1370 angulus
1029 1287 1141 1365 omnis,

259 1392 316 1471 „fit
339 1392 430 1474 quasi
451 1395 489 1456 ut
511 1393 550 1456 ad
573 1394 701 1456 tornum
725 1410 871 1456 saxorum
893 1393 1017 1455 structa
1038 1393 1181 1464 tuamen

259 1515 343 1572 „non
365 1498 472 1560 tamen
494 1497 531 1558 ut
553 1513 659 1559 coram
681 1513 762 1576 quac
786 1497 863 1558 suut
884 1513 1022 1576 vereque
1045 1493 1195 1570 rutunda,

258 1598 333 1674 „sed
356 1599 447 1680 quasi
470 1597 685 1662 adumbratim
706 1597 839 1679 paulum
862 1595 1014 1660 simulata
1034 1594 1213 1660 videntur.“

174 1701 217 1764 h'x
250 1703 310 1764 hoc
338 1700 481 1783 exemplu
510 1717 700 1781 quamquam
732 1699 870 1762 dilucide
899 1700 1046 1780 apparet,
1076 1698 1184 1762 oculos
1214 1699 1295 1776 10111,

173 1823 246 1868 cum
269 1804 441 1866 simulacra
463 1802 501 1865 ad
524 1802 606 1865 acies
629 1801 774 1865 ferantur
796 1801 985 1865 obtruncata
1007 1800 1117 1881 eisque
1136 1819 1200 1865 non
1222 1820 1296 1866 vera

174 1905 272 1968 turris
295 1905 399 1986 imago
421 1905 584 1985 infigatur,
608 1903 776 1967 Lueretius
792 1905 919 1968 tantum
934 1903 1033 1980 abest,
1057 1904 1198 1967 uthans
1220 1919 1293 1968 sen·

173 2007 307 2072 tentiam
331 2007 527 2089 comprobari
549 2006 636 2082 velit,
660 2015 695 2068 ut
717 2005 779 2069 alio
802 2005 945 2087 exemplo
960 2004 1150 2086 interposito
1164 2008 1293 2089 pergat:

174 2129 252 2187 „nec
274 2114 381 2174 tamen
404 2110 457 2174 hic
480 2108 589 2202 oculos
609 2107 679 2172 falli
702 2109 905 2173 consedimus
927 2107 1061 2172 hilum.“

257 2230 420 2310 Quomodo
443 2231 503 2293 hoc
525 2247 598 2292 cum
620 2231 688 2292 tota
710 2227 855 2292 doctrina
877 2231 1046 2310 congruat,
1077 2228 1133 2292 alii
1156 2228 1295 2295 viderint

173 2334 228 2415 qui
252 2333 437 2397 Lucretium
459 2332 684 2414 philosophum
707 2330 941 2395 versificantcm
963 2329 1112 2394 laudibus
1135 2331 1294 2398 celebrare

175 2454 240 2499 nou
264 2435 434 2499 desistunt.

282 2537 343 2602 Sed
366 2539 404 2601 nt
424 2536 535 2600 redcat
556 2534 656 2599 oratio
679 2535 763 2598 unde
786 2534 924 2612 deflexit,
947 2535 993 2598 010
1016 2553 1096 2616 quac
1119 2535 1157 2599 de
1177 2537 1293 2601 antici-

174 2640 357 2722 pationibus
388 2637 596 2703 disseruimus
625 2638 858 2702 demonstrasse
888 2637 980 2702 uobis
1009 2637 1167 2714 videmur,
1195 2635 1294 2732 πρό-

176 2740 300 2832 ληψιν
327 2743 365 2806 ab
388 2742 523 2823 Epicuro
547 2742 581 2804 in
595 2739 828 2821 philosophiam
843 2739 1008 2804 inductam
1031 2756 1099 2804 esse
1115 2740 1154 2804 ad
1170 2743 1293 2806 tennis-

175 2843 255 2906 sima
277 2862 314 2906 00
336 2843 515 2918 0111010010,
537 2861 672 2924 quorum
694 2842 876 2906 incursione
905 2843 1099 2924 cogitamus
1129 2843 1296 2910 excitanda

174 2949 269 3027 atque
299 2944 491 3010 conterenda
518 2963 620 3026 neque
649 2945 822 3026 quidquam
852 2944 1097 3026 anticipationes
1127 2946 1232 3011 valere
1255 2948 1295 3012 ad

174 3067 226 3112 eas
249 3049 378 3130 figuras,
401 3067 481 3130 quae
504 3049 611 3111 oculos
635 3050 819 3129 ceterosque
841 3065 955 3112 sensus
970 3048 1142 3113 lacessunt.
1186 3047 1293 3130 Atque

173 3152 251 3215 haec
272 3155 455 3216 nostrarum
477 3149 709 3231 cogitationum
729 3166 845 3231 parens
867 3150 1136 3234 gubernatrixque
1164 3151 1293 3216 maximi

173 3259 223 3318 est
244 3254 398 3318 momenti
431 3254 470 3318 ad
502 3254 685 3318 libertatem
712 3252 886 3318 voluntatis
919 3252 1159 3318 defendendam.
1217 3253 1293 3318 Sine

173 3357 240 3420 ulla
267 3357 352 3420 enim
375 3356 573 3421 dubitatione
596 3354 864 3431 confirmaverim,
894 3354 1092 3419 voluntatem
1115 3355 1292 3438 01110100-

172 3477 298 3522 reorum
321 3458 482 3523 sententia
503 3476 567 3521 non
591 3473 670 3533 0000,
693 3457 932 3533 1111101110οω,
955 3475 1083 3521 causam
1098 3458 1293 3540 primariam,

173 3561 227 3624 sed
257 3561 475 3626 secundariam
503 3576 635 3642 eamque
666 3577 703 3622 ex
730 3559 879 3640 cogitatis
909 3560 1002 3638 01111,
1032 3560 1065 3624 id
1093 3559 1178 3642 quod
1207 3561 1291 3625 11011-

171 3682 308 3728 mannus
340 3664 374 3728 in
407 3661 642 3729 dissertationis
676 3661 780 3742 capite
813 3663 913 3726 altero
945 3661 1072 3727 videtur
1103 3663 1291 3746 neglexisse.

172 3766 240 3832 Lib.
263 3765 308 3830 IV
330 3767 390 3831 881
416 3786 501 3850 sqq.:

257 3869 346 3947 „dico
369 3869 474 3933 animo
496 3871 604 3934 nostro
626 3869 765 3952 primum
790 3868 960 3932 simulacra
981 3868 1108 3932 meandi

256 3972 419 4049 „accidere
441 3973 537 4054 atque
559 3972 702 4035 animum
724 3971 862 4053 pulsare,
884 3972 922 4034 ut
943 3970 1081 4035 diximus
1105 3973 1189 4035 ante.

256 4075 349 4152 „inde
372 4075 522 4138 voluntas
543 4074 595 4138 iit:
618 4093 721 4155 neque
744 4074 831 4138 enim
853 4073 956 4137 facere
979 4072 1094 4154 incipit
1114 4073 1215 4136 ullam

255 4195 342 4254 „rem
365 4177 543 4260 quisquam,
565 4195 660 4258 quam
683 4194 773 4241 mens
795 4175 935 4259 providit
955 4174 1032 4256 quid
1054 4175 1133 4240 velit
1155 4176 1239 4239 01110.

255 4281 308 4359 „id
331 4281 415 4364 quod
436 4280 595 4364 providet,
624 4279 714 4344 illius
737 4280 784 4345 101
805 4281 931 4345 00110101
952 4280 1086 4361 imag0.“
