2978 4718
671 353 802 415 .2o

220 552 338 626 indicia
370 561 476 625 omnia
507 562 555 626 ita
587 566 664 626 sunt
690 565 886 645 comparata,
919 564 957 626 ut
978 565 1121 628 nostram
1152 562 1345 628 sententiam

219 664 387 728 videantur
410 664 605 729 confirmare.
657 665 830 747 Postquam
863 665 948 730 enim
971 664 1127 746 Epicurus
1152 665 1186 728 in
1209 665 1345 746 epistola

220 766 259 829 ad
282 766 479 830 Herodotum
503 767 621 850 scripta
652 748 731 851 τήν
761 749 909 853 ψυχήν
931 786 948 830 e
971 767 1074 831 tribus
1097 767 1241 848 partibus
1265 785 1340 832 con·

219 870 303 933 stare
336 869 458 946 docuit,
491 872 638 952 quartam
665 871 878 935 neeessariam
905 887 973 934 esse
996 869 1137 933 ostendit
1158 887 1174 932 e
1198 869 1341 932 minimis

218 971 500 1054 nobilissimisque
532 973 729 1054 corpusculis
758 973 974 1055 compositam.
1030 970 1216 1054 Sequuntur
1248 972 1344 1036 verba

219 1075 371 1171 ‚aerico
408 1069 453 1152 δὲ
483 1079 569 1153 πᾶν
602 1089 647 1153 αἱ
679 1069 876 1174 δυνάμεις
903 1079 974 1176 τῆς
999 1079 1141 1176 ψυχῆς
1178 1069 1341 1176 δηλοῦσι

216 1201 286 1273 καὶ
311 1192 365 1271 τοὶ
391 1191 560 1294 adripe)
589 1204 657 1274 καὶ
692 1209 732 1275 αἱ
765 1195 992 1295 εὐκινησίαι
1018 1203 1087 1273 καὶ
1104 1207 1157 1273 αἱ
1181 1186 1341 1294 διανοή-

218 1344 304 1407 σεις
329 1321 398 1393 καὶ
424 1314 479 1425 ὦν
506 1312 778 1414 στερούμενοι
798 1309 1080 1414 θνήσκομεν.“
1135 1321 1175 1387 Ι).
1188 1321 1222 1385 L.
1235 1321 1274 1386 X.
1290 1299 1339 1387 63.

216 1433 321 1498 Verba
347 1425 417 1494 nal
443 1425 499 1495 ῶν
530 1434 606 1517 quid
637 1434 698 1499 sibi
727 1434 829 1499 velint
857 1452 914 1515 per
936 1452 969 1497 se
984 1451 1065 1496 ·non
1087 1435 1184 1514 patet.
1229 1432 1340 1515 Neque

216 1538 354 1600 salutare
378 1536 532 1600 auxilium
555 1535 647 1600 affert
675 1537 858 1601 coniectura
881 1534 1052 1600 Gassendi:
1086 1526 1155 1596 καὶ
1182 1517 1238 1595 οἷν
1257 1526 1340 1597 λοι-

215 1635 313 1708 πῶν.
351 1637 433 1704 aava
449 1640 534 1703 enim
550 1639 724 1716 arbitraria,
739 1640 818 1703 haec
832 1638 988 1720 respicere
1005 1635 1044 1698 ad
1071 1625 1338 1726 ,,αἰσθήσεις“

215 1750 378 1832 sequentis
401 1750 575 1814 enuntiati:
628 1752 718 1834 „nal
739 1740 829 1848 μήν
855 1747 925 1818 κα)
951 1741 1016 1818 ὅτι
1042 1738 1182 1840 ἔχειὴ
1218 1738 1370 1839 Ψυχή1
1469 1803 1470 1822 ι

215 1862 287 1958 τῆς
301 1859 536 1960 αἰσθήσεως
555 1860 632 1960 τήν
652 1869 846 1962 πλείστην
865 1859 1009 1939 αἰτίαν
1028 1851 1093 1937 δεῖ
1104 1860 1337 1957 κατέχειν,

214 1998 294 2061 quae
328 1981 455 2062 quidem
484 1980 579 2044 verba
608 1980 796 2045 Ambrosius
825 1980 871 2043 ita
901 1978 1010 2042 vertit:
1033 1977 1221 2056 „Enimvero
1252 1979 1286 2040 et
1307 1977 1339 2041 id

214 2085 339 2164 oportet
360 2086 476 2160 tenere,
494 2083 576 2165 quod
591 2083 706 2146 habeat
728 2083 835 2146 anima
850 2099 963 2145 sensus
985 2081 1158 2162 plurimam
1181 2084 1337 2143 oausam.“

213 2184 392 2249 Particulas
415 2188 537 2262 autem,
572 2204 651 2268 quae
681 2187 758 2250 sunt
780 2185 849 2255 κα)
874 2174 959 2275 μήν
985 2181 1070 2260 καί,
1094 2181 1199 2264 aptius
1222 2183 1336 2245 vellem

212 2287 402 2352 reddidisset
423 2288 534 2352 latinis
556 2288 654 2371 „quin
670 2289 776 2365 etiam,
798 2289 991 2370 practerea“‚
1014 2304 1088 2382 oum
1110 2285 1156 2348 eis
1179 2284 1278 2347 oratio
1298 2283 1338 2346 ad

213 2408 326 2454 novam
349 2409 416 2454 rem
431 2391 591 2473 procedat.
635 2391 717 2456 Mihi
741 2391 823 2456 illud
850 2382 919 2452 καὶ
945 2391 1019 2454 ante
1048 2382 1103 2449 ὠν
1127 2405 1230 2451 errore
1246 2387 1335 2450 vide·

214 2494 267 2556 tur
290 2493 447 2571 additum,
470 2494 576 2576 itaque
604 2494 710 2574 legere
734 2493 902 2556 maluerim
932 2491 1020 2568 ,ααί
1038 2493 1083 2556 αἱ
1108 2474 1339 2578 διανοήσεις

214 2586 270 2674 ὦν
297 2592 568 2697 στερούμενοι
596 2593 901 2694 θννήσκομεν.98)
940 2597 1061 2676 Quarta
1077 2597 1154 2658 haee
1169 2613 1242 2676 pars
1255 2596 1339 2660 infra

213 2714 397 2778 nominatur
425 2705 474 2784 τό
503 2703 573 2800 ὀξύ
604 2702 712 2782 κατα
740 2701 819 2803 τήν
846 2700 1052 2801 αἴσθησιν
1083 2743 1123 2752 -
1149 2725 1223 2770 nam
1251 2691 1338 2777 δια.

212 2814 375 2916 νοήσεις
414 2843 538 2908 quoque
567 2816 792 2915 αἰσθήσεις
825 2825 902 2885 sunt
936 2857 976 2866 -
1013 2838 1077 2902 qua
1110 2820 1199 2900 parte
1234 2819 1338 2881 soluta

212 2945 297 2991 mors
318 2928 472 3011 sequitur.
516 2927 555 2990 D.
578 2927 611 2990 L.
636 2927 673 2990 X.
697 2926 747 2990 65.
793 2923 871 2989 Cum
895 2923 946 2987 his
968 2923 1072 3010 vertis
1095 2923 1174 2986 bene
1198 2939 1335 3002 congru-

212 3032 288 3106 unt,
322 3049 401 3113 quae
435 3029 603 3093 Lucretius
637 3028 774 3111 explieat
809 3026 857 3088 lll
885 3027 947 3090 395
978 3045 1023 3106 sq.
1081 3023 1236 3102 Quartam
1268 3039 1337 3082 asse

212 3122 291 3216 „scd
319 3117 600 3222 oiedptmo'ffl
642 3147 800 3212 nusquam
841 3127 925 3211 apud
966 3127 1142 3207 Diogenem
1189 3122 1336 3203 legimus

212 3234 311 3298 Porro
332 3235 366 3297 in
389 3233 613 3310 additamento,
636 3232 768 3313 quodie
791 3229 921 3312 Epicuri
944 3228 1095 3310 epistolae
1125 3225 1261 3289 inseruit
1283 3224 1335 3307 (X.

213 3337 285 3413 66),
320 3336 503 3400 invenimus
543 3317 593 3396 τό
632 3316 794 3415 λογικόν
834 3333 963 3395 haerere
1006 3330 1040 3395 iu
1077 3331 1217 3411 pectore,
1286 3308 1336 3387 τό

212 3424 362 3520 ἄλογον
382 3457 439 3548 per
461 3439 565 3500 totum
588 3454 701 3518 corpus
732 3435 924 3516 dissipatum
954 3452 1031 3499 esse.
1083 3431 1205 3510 Quarta
1235 3429 1336 3510 igitur

214 3540 314 3604 efficit
340 3553 389 3600 το
417 3520 589 3618 λογικόν,
620 3538 736 3621 quippe
764 3556 844 3620 quae
875 3534 1074 3602 tenuissimis
1104 3551 1210 3598 rerum
1233 3533 1334 3595 simu-

211 3641 306 3705 lacris
329 3644 491 3705 moveatur
512 3639 626 3722 hisque
649 3641 788 3705 motibus
811 3639 1020 3722 cogitationes
1035 3637 1136 3718 possit
1162 3652 1335 3717 procreare,

213 3747 277 3808 tres
300 3745 407 3807 autom
429 3743 509 3807 aliae
531 3746 638 3825 partos
661 3746 737 3807 sunt
771 3725 822 3802 τό
849 3727 1001 3822 ἄλογον
1028 3744 1061 3804 et
1075 3741 1231 3821 putantur
1258 3755 1333 3800 oau-

213 3916 414 3924 ψ’...

313 4016 348 4081 ²⁷)
367 4015 431 4067 Cum
450 4018 574 4068 hocloco
592 4014 830 4066 conferatanner.
851 4012 879 4064 ΙΙΙ
899 4015 958 4066 145.
979 4011 1031 4079 (pg.
1053 4011 1087 4078 Ἷ.)

313 4101 348 4167 ²⁸)
367 4103 467 4164 „oratio
485 4103 634 4168 plerumque
652 4101 737 4152 lacera
755 4107 794 4152 est
811 4106 836 4150 et
854 4099 959 4150 disiecta
972 4098 1161 4162 innumerisque
1174 4097 1250 4158 vitiis,
1269 4110 1333 4160 qno·

211 4204 272 4238 nour
291 4191 366 4239 ctiam
384 4204 454 4239 nunc
472 4190 554 4239 multa
570 4188 686 4238 tollenda
704 4193 806 4249 restant,
825 4186 985 4251 inquinata“.
1021 4183 1134 4234 Historia
1153 4181 1333 4246 philosophiae

213 4274 457 4326 Graeco-Romanae
475 4289 507 4324 ex
525 4274 634 4325 sontium
653 4274 716 4324 loeis
734 4279 864 4324 contexta.
900 4272 983 4322 Ritter
1002 4276 1027 4320 et
1044 4268 1149 4318 Prellor.
1166 4282 1210 4333 pg.
1227 4266 1286 4318 333.
