2978 4718
794 307 810 362 Ξ

727 381 879 392 —.-.

241 507 388 576 sibinen
421 513 564 576 constare
587 513 781 582 viderentur.
832 517 953 582 Harum
988 518 1216 585 difficultatum
1250 539 1359 603 quam-

240 632 335 694 quam
350 633 498 695 magnam
513 603 666 701 partemi)
682 619 831 684 licentiae
847 639 927 702 quae
938 621 1041 702 poetis
1057 622 1243 687 conceditur
1257 624 1358 688 tribu·
1466 615 1467 622 '

240 717 353 779 endam
387 735 455 780 esse
488 720 735 800 perspiciebam,
769 724 877 786 tamen
915 723 996 787 aliae
1032 724 1212 802 restabant,
1246 726 1359 807 quibus

238 819 335 882 etiam
346 818 476 900 Epicuri
487 820 720 904 philosophiam
736 824 943 890 deformatam
962 844 1030 890 esse
1046 825 1163 891 inveni.
1194 827 1238 892 llo
1254 831 1360 892 antem

238 921 365 986 cautius
387 940 437 986 me
460 922 495 985 in
527 925 586 987 hae
609 943 642 988 re
675 927 795 991 versari
829 927 942 992 debere
976 928 1171 1006 existimavi,
1203 930 1286 1010 qnod
1320 949 1359 994 nc

237 1023 438 1089 doctissimos
472 1026 600 1107 quidem
633 1029 825 1112 interpretes
864 1049 975 1094 sanam
1008 1031 1194 1114 depravatae
1228 1032 1357 1114 Epicuri

203 1199 205 1208 ‚
235 1127 454 1209 philosophiae
476 1130 633 1194 medelam
654 1132 802 1198 attulisse
825 1135 1062 1215 cognoscebam.
1112 1133 1224 1215 Neque
1247 1136 1359 1200 horum

236 1231 426 1294 auctoritate
460 1232 540 1295 mihi
572 1234 756 1314 persuaderi
778 1254 890 1317 passus
913 1255 999 1314 sum,
1029 1238 1127 1301 talem
1157 1237 1195 1300 ab
1223 1237 1358 1319 Epicuro

237 1335 270 1396 et
302 1333 450 1398 Lucretio
482 1334 657 1415 profectam
691 1355 760 1402 esse
796 1338 834 1402 de
867 1339 991 1403 animae
1024 1342 1141 1404 natura
1158 1339 1358 1416 doctrinam,

236 1437 363 1516 qualem
386 1437 481 1518 vulgo
503 1438 537 1500 in
571 1439 662 1502 libris
686 1440 875 1522 explicatam
898 1441 1045 1522 legimus,
1098 1441 1298 1524 Quapropter
1325 1443 1357 1505 iu

235 1539 317 1602 hanc
338 1539 541 1620 potissimum
565 1542 714 1605 carminis
730 1543 915 1607 Lucretiani
930 1547 1053 1624 partem
1069 1562 1196 1625 operam
1218 1545 1358 1625 impendi

235 1642 375 1723 quidque
386 1642 522 1706 efficisse
534 1643 614 1706 mihi
626 1644 757 1722 viderer,
769 1645 996 1726 probabilibus,
1012 1648 1049 1709 nt
1061 1662 1160 1727 spera
1178 1645 1357 1710 instructus

234 1743 432 1824 argumentis
454 1745 618 1827 fretusque
637 1747 777 1828 priorum
801 1747 1014 1829 interpretum
1030 1748 1283 1813 dubitationibus
1299 1750 1357 1812 hac

234 1846 449 1928 disputatione
482 1847 516 1911 in
538 1849 680 1913 medium
707 1850 847 1931 proferre
881 1851 1020 1916 institui.
1073 1849 1272 1934 Quamquam
1295 1870 1357 1914 non

234 1948 300 2016 fore
323 1949 529 2027 crediderim,
552 1952 590 2014 ut
612 1951 735 2032 exiguis
757 1953 837 2020 meis
859 1953 980 2020 viribus
1007 1953 1199 2034 difficillima
1220 1955 1297 2017 haec
1319 1953 1357 2017 de

234 2051 349 2114 animis
385 2053 528 2133 quaestio
553 2051 673 2116 absolvi
701 2054 826 2134 posset,
850 2053 1029 2126 coniunctis
1062 2055 1147 2116 enim
1182 2057 1357 2120 multorum

233 2152 350 2217 studiis
373 2171 451 2235 opus
474 2156 539 2232 est,
569 2157 677 2217 tamen
709 2172 817 2236 pauca
838 2154 978 2236 proferre
1000 2154 1081 2220 mihi
1103 2172 1210 2234 sumo,
1240 2157 1356 2236 quibus

234 2255 294 2318 viri
317 2255 402 2319 docti
435 2255 557 2320 diutius
591 2256 624 2320 in
654 2255 784 2338 Epicuri
820 2256 1021 2340 philosophia
1053 2255 1171 2320 versati
1204 2257 1244 2320 ad
1274 2258 1356 2324 hanc

232 2358 451 2437 quaestionem
474 2358 577 2422 denuo
599 2358 855 2440 perlustrandam
878 2358 1086 2434 adducantur.
1131 2357 1263 2425 Praeter
1283 2361 1354 2424 Rit-

231 2563 253 2569 ...-
260 2563 434 2571 —-..-.--.-.

333 2697 353 2764 2)
372 2697 431 2748 Uno
449 2699 567 2764 exemplo
592 2698 717 2750 hocloco
736 2698 839 2764 defungi
862 2699 1112 2761 fusniacarum,
1138 2699 1232 2766 quippe
1253 2701 1280 2752 in
1303 2717 1354 2767 quo

230 2783 427 2834 Bockemneller
451 2783 610 2836 haerendum
633 2783 682 2836 sihi
705 2798 760 2836 esse
785 2785 918 2857 putaverit
960 2785 1033 2836 Libri
1056 2785 1138 2854 quarti
1164 2801 1203 2837 vv.
1222 2786 1273 2844 9οἸ
1296 2802 1353 2854 sqq.

230 2869 364 2920 Lucretius
387 2871 418 2920 de
436 2883 526 2920 somno
552 2869 663 2934 explicet
680 2871 791 2936 „quibus
810 2871 853 2922 ille
872 2871 955 2921 modis
973 2863 1018 2937 per
1042 2872 1159 2922 membru
1186 2873 1296 2938 quietem
1315 2873 1354 2924 in·

229 2955 295 3020 riget
312 2960 389 3020 etque
407 2955 485 3005 enimi
504 2970 576 3006 curus
595 2970 609 3004 e
626 2961 729 3020 pectore
746 2957 855 3006 solvat.“
893 2959 923 3006 In
941 2970 1032 3007 somno
1047 2959 1148 3008 animae
1164 2973 1223 3022 pem
1238 2959 1354 3006 maxima

229 3041 377 3104 perturbate
394 3048 440 3101 est,
459 3045 487 3088 ut
504 3054 571 3105 quae
588 3040 642 3089 eius
660 3046 719 3090 eunt
735 3045 865 3104 praestare
881 3055 933 3090 nou
958 3041 1053 3104 possit:
1078 3042 1144 3088 iacet
1167 3039 1235 3089 enim
1260 3054 1353 3105 corpus

230 3127 284 3175 sine
302 3140 387 3177 sensu.
424 3125 522 3176 llodem
546 3136 662 3188 ternpore
683 3139 741 3173 cum
760 3135 865 3174 somnus
882 3123 997 3174 membre
1022 3121 1135 3188 profudit
1161 3137 1251 3184 „mens
1275 3125 1353 3174 snimi

230 3211 335 3276 rigilut“
353 3212 501 3276 eisdemque
513 3209 656 3259 simulacris
671 3209 790 3273 agitetur,
809 3223 875 3274 quse
894 3223 952 3260 cum
963 3208 1099 3274 vigilemus
1112 3209 1138 3259 in
1151 3211 1264 3260 animum
1277 3210 1352 3260 obre·

229 3305 302 3361 punt.
336 3297 401 3347 lude
417 3297 453 3357 fir,
471 3302 499 3345 nt
516 3295 616 3346 unimus
634 3295 783 3346 dormientis
803 3308 892 3346 omnes
912 3294 1023 3362 accipiet
1034 3295 1064 3356 in
1081 3309 1109 3346 se
1127 3295 1255 3356 „laetitiae
1267 3306 1353 3346 motus

229 3389 255 3431 et
271 3397 344 3432 curas
362 3381 446 3432 cordis
464 3381 577 3431 inanis“.
608 3379 637 3432 lll
658 3379 707 3430 116
732 3380 772 3429 lV
789 3379 839 3432 962
857 3394 913 3446 sqq.
958 3379 1042 3432 Versu
1060 3386 1146 3434 sutem
1164 3381 1216 3432 908
1233 3395 1351 3432 somnum

229 3473 363 3532 spectore
381 3465 459 3516 animi
476 3480 550 3516 curus
569 3465 716 3532 eripientem
742 3471 819 3532 poete
836 3465 973 3531 praedicet.
1017 3464 1101 3526 Quum
1127 3466 1351 3518 inconcinnitatem

229 3557 257 3600 nt
278 3557 419 3602 removeret
444 3551 638 3602 Bothemueller
661 3550 799 3618 legendum
825 3565 881 3600 esse
910 3551 1029 3617 opinatus
1055 3557 1093 3600 est
1115 3552 1235 3614 „enimse
1258 3551 1351 3602 sires.“

229 3635 259 3685 ln
277 3637 359 3686 serbis
377 3643 462 3686 antem
480 3637 575 3698 „animi
593 3639 685 3687 curss“
711 3651 776 3702 quse
802 3636 846 3686 ille
863 3636 993 3687 incondite
1011 3635 1085 3686 vertit
1113 3633 1286 3704 „idtittglldtt
1304 3634 1353 3690 tels

229 3723 291 3787 tuttq
310 3721 350 3774 tet
370 3718 482 3784 &ellim
500 3720 572 3772 nulls
590 3729 629 3772 est
640 3719 756 3772 offensio.
792 3721 938 3773 cumcuim
952 3735 985 3772 ex
997 3720 1096 3785 vulgari
1107 3723 1232 3776 reumatis
1246 3735 1351 3772 somnus

230 3807 307 3856 animi
326 3821 399 3856 curse
418 3813 494 3872 atque
512 3807 697 3862 sollicitudines
715 3814 844 3874 epectore
863 3808 964 3856 demere
981 3812 1122 3872 putaretur,
1140 3815 1199 3874 epte
1218 3805 1350 3858 Lucretius

228 3893 295 3942 hanc
313 3893 522 3942 consuetudinem
539 3893 564 3941 in
584 3892 651 3941 illius
669 3893 749 3958 pertis
768 3890 851 3941 fronte
866 3891 895 3940 in
912 3905 985 3942 suum
1005 3907 1078 3943 usum
1098 3893 1234 3951 convertit,
1257 3906 1348 3956 quem·

229 3992 306 4041 quum
329 3975 394 4027 infru
417 3978 442 4027 in
459 3971 637 4043 philosophica
661 3983 732 4043 purte
756 3978 833 4043 plene
851 3978 1005 4028 contrariam
1030 3979 1184 4029 seutentiam
1208 3977 1239 4026 de
1257 3989 1350 4031 somno

227 4062 340 4127 protulit.
376 4061 416 4112 Cf.
435 4059 489 4113 Cic.
508 4063 539 4112 de
558 4062 618 4124 diu,
642 4061 747 4114 ll150:
782 4061 950 4128 „Perfugium
976 4064 1075 4114 ridetur
1091 4062 1205 4114 omnium
1231 4060 1349 4110 laborum

229 4155 254 4195 et
271 4147 471 4198 sollicitudinum
489 4162 545 4198 esse
562 4162 674 4198 somnus.
719 4147 758 4196 At
779 4162 811 4198 ex
836 4162 866 4198 eo
893 4149 949 4214 ipso
976 4149 1100 4214 plurimae
1123 4161 1199 4198 curse
1216 4150 1350 4210 metusque

228 4237 393 4286 nascuntur.“
428 4233 561 4285 Eiusmodi
581 4233 739 4284 diversitates
757 4233 900 4284 identidem
918 4234 986 4300 apud
1005 4231 1151 4282 Lucretium
1169 4238 1315 4284 occurrunt.
