2978 4718
780 325 797 378 6

293 532 355 595 104
377 531 442 607 „sio
476 531 603 595 animi
636 549 798 596 sensum
831 551 894 595 non
928 534 1016 595 certe
1047 532 1137 612 parte
1170 532 1348 612 reponnut“

292 634 355 698 578
376 633 530 711 „dissolui
552 652 697 700 sensus
720 633 843 698 enimi
865 634 985 698 latcare
1007 635 1169 698 necessest

381 738 496 818 „atque
519 737 673 801 animam“

228 839 273 904 IV
296 840 355 904 731
381 839 539 920 „corporis
561 839 640 904 haec
662 839 811 920 queniam
833 842 1004 922 penetrant
1024 859 1081 922 per
1108 858 1179 903 rara
1201 840 1349 921 cientque

383 944 533 1020 ‚tecuam
556 941 681 1007 animi
703 944 851 1006 naturam
873 942 963 1008 intus
985 960 1226 1022 sensumque
1248 943 1349 1006 laces-

460 1055 462 1058 ’
737 1046 844 1109 sunt‘·

257 1149 357 1214 1460
380 1151 526 1230 „tempus
556 1148 633 1214 item
661 1165 718 1230 per
747 1165 781 1212 sc
810 1166 872 1212 non
901 1150 963 1224 est,
994 1147 1051 1212 sed
1078 1147 1173 1212 rebus
1204 1147 1242 1210 ab
1272 1146 1350 1228 ipsis

381 1251 608 1333 „consequitur
623 1249 817 1332 sensus¹⁶)
833 1252 1032 1316 transactum
1048 1250 1125 1332 quirl
1136 1250 1180 1314 sit
1196 1249 1230 1313 in
1245 1253 1350 1314 aevc.“

259 1399 265 1404 ’
335 1371 395 1436 His
435 1370 618 1453 praemissis
652 1370 691 1434 ad
724 1370 853 1452 singula
891 1373 1098 1434 transeamus.
1154 1369 1235 1434 (lum
1267 1370 1351 1450 apud

228 1476 438 1540 Plutarchum
460 1475 605 1556 legamus
632 1472 694 1555 (Pl.
718 1473 796 1554 phil.
821 1472 865 1536 IV
888 1474 982 1537 232
1028 1463 1097 1533 κα)
1137 1454 1189 1533 ro?
1228 1453 1349 1553 πάθη

228 1589 297 1659 καὶ
336 1577 410 1669 τοὶς
455 1574 676 1676 αἰσθήσεις
705 1581 750 1654 ἐν
785 1585 874 1668 τοῖς
907 1572 1147 1654 πεπονθόσι
1188 1574 1349 1666 τόποις)

227 1698 371 1762 docuisse
393 1697 568 1779 Epicurum
595 1715 654 1760 nos
681 1696 715 1759 in
746 1693 869 1759 affectis
891 1695 1029 1778 corporis
1050 1694 1196 1776 partibus
1223 1695 1351 1770 sentire,

227 1802 378 1884 putamus
394 1799 542 1876 animem,
566 1817 645 1880 quae
660 1817 717 1882 per
740 1801 844 1864 totum
860 1816 973 1879 corpus
996 1796 1109 1861 dissita
1131 1798 1190 1875 est,
1212 1796 1350 1880 corporis

228 1904 338 1984 plagas
362 1900 489 1966 sentire.
540 1901 669 1966 Placuit
693 1903 801 1966 autem
822 1901 900 1965 viris
922 1900 1023 1966 doctis
1046 1900 1272 1965 Reisacherum
1300 1918 1349 1962 se-

228 2004 326 2080 cutis
361 2006 507 2084 quartam
537 2003 749 2069 substantiam
792 2003 831 2067 ad
865 2022 994 2068 sensum
1032 2003 1203 2067 creandum
1244 2004 1349 2084 aptam

230 2089 294 2190 (τό
335 2087 606 2187 αἰσθητικόν)
634 2106 775 2169 animum
797 2105 921 2169 efficere
944 2123 1080 2186 eumque
1103 2103 1207 2169 solnm
1221 2105 1350 2196 sentire,

230 2209 368 2273 animam
391 2225 503 2271 sensus
527 2210 687 2290 expertem
710 2227 788 2272 esse.
833 2208 877 2271 At
899 2207 1025 2272 animus
1048 2207 1151 2272 medio
1167 2207 1201 2272 in
1223 2210 1350 2290 pectore

228 2311 352 2394 positus
386 2310 498 2374 laetari
526 2312 641 2394 potest,
675 2309 749 2376 dum
784 2311 863 2375 aliae
898 2309 1036 2391 corperis
1070 2312 1176 2391 partes
1206 2309 1348 2384 doleant;

228 2413 277 2477 Ill
301 2414 360 2478 105
384 2433 451 2495 sqq.

384 2533 497 2596 „saepe
511 2517 620 2596 itaque
636 2515 670 2579 in
684 2517 835 2598 promptu
849 2533 962 2596 corpus
978 2513 1062 2595 quod
1077 2513 1220 2577 cernitur
1232 2499 1341 2595 aegre't

384 2635 477 2695 „cum
499 2619 607 2680 tamen
630 2618 752 2682 exalia
775 2618 933 2680 lactamur
954 2617 1043 2698 perte
1067 2615 1211 2679 latenti.“

338 2736 458 2818 Quodsi
490 2756 553 2800 non
587 2736 710 2815 anima,
751 2735 806 2802 sed
845 2737 950 2800 animo
990 2735 1147 2801 sentimus
1180 2740 1212 2801 et
1245 2735 1351 2800 anima

231 2842 313 2907 nihil
336 2840 423 2904 eliud
446 2841 495 2904 est
527 2839 590 2904 nisi
619 2840 887 2917 instrumentum,
911 2859 973 2924 que
1007 2842 1113 2904 metus
1135 2839 1174 2903 ad
1207 2839 1350 2903 animum

231 2943 401 3019 deferatur,
424 2943 451 3007 is
474 2961 598 3025 semper
619 2946 783 3008 moveatur
805 2962 934 3009 necesse
957 2944 1015 3020 est,
1039 2943 1067 3005 si
1082 2942 1221 3023 corporis
1243 2945 1350 3024 partes

231 3047 359 3111 doleant
381 3048 437 3110 aut
459 3047 643 3126 aegrotent,
667 3064 738 3110 cuni
762 3065 874 3110 sensus
897 3045 979 3110 nihil
1002 3042 1089 3109 aliud
1112 3045 1212 3108 sitae
1234 3046 1349 3108 motus.

232 3147 394 3229 Quomodo
416 3149 524 3212 autem
544 3146 654 3211 eodem
675 3151 815 3230 tempore
838 3146 981 3226 enimus,
1003 3166 1076 3212 cum
1099 3148 1238 3230 corperis
1261 3147 1349 3211 dolo-

230 3252 319 3315 ribus
353 3249 485 3314 affeotus
507 3251 687 3328 moveatur,
721 3249 833 3314 laetari
865 3251 981 3332 possit,
1003 3270 1067 3315 non
1097 3251 1212 3315 elucet.
1268 3250 1350 3331 Ergo

229 3353 437 3418 manifestum
459 3355 524 3430 est,
547 3352 698 3434 quoniam
720 3356 815 3433 urget
835 3356 942 3434 poeta,
966 3354 1109 3417 animum
1132 3353 1254 3430 laetari,
1277 3372 1350 3418 omn

230 3474 343 3538 corpus
366 3455 480 3532 deleat,
503 3473 560 3520 nos
575 3473 640 3519 non
654 3454 746 3518 modo
769 3455 883 3534 animo,
908 3457 964 3521 sed
980 3455 1075 3521 etiam
1091 3455 1199 3519 anima
1220 3455 1349 3520 sentire.

334 3660 364 3726 ²⁶)
385 3661 440 3710 lloc
457 3659 515 3710 loco
533 3660 554 3710 si
573 3661 630 3726 quis
648 3661 762 3726 corporis
781 3675 870 3712 sensus
889 3661 935 3726 (cl.
955 3657 992 3710 lV
1011 3659 1071 3725 763)
1088 3661 1275 3727 intellegendos
1295 3676 1350 3712 esse

158 3775 160 3781 ·
229 3747 335 3814 putabit,
354 3745 419 3796 nihil
435 3745 538 3796 habebo
563 3747 674 3812 quodsi
700 3761 840 3811 repugnare
858 3748 950 3798 dicam.
991 3746 1101 3814 Egregie
1125 3748 1217 3798 erravit
1241 3745 1351 3810 Woltjer

230 3832 258 3898 (l.
276 3833 293 3882 1.
311 3849 353 3898 pg.
372 3833 417 3896 95)
434 3831 467 3880 ed
485 3830 524 3880 1v
545 3830 608 3882 763:

450 3917 517 3977 „hcc
533 3917 591 3967 ideo
610 3917 664 3966 fieri
683 3917 752 3984 cogit
769 3924 868 3978 natura,
887 3919 956 3983 quod
974 3934 1062 3969 omnes

451 4002 582 4066 „corporis
601 4002 686 4053 offecti
704 4017 792 4054 sensus
810 4017 854 4070 per
872 4004 987 4055 membra
1006 4006 1138 4070 quiescunt

451 4102 516 4149 „noc
534 4095 640 4153 possunt
656 4087 750 4140 lahem
768 4091 833 4141 veris
851 4090 1002 4141 convincere
1018 4092 1101 4141 rebus.

298 4174 411 4237 „Saum
429 4175 519 4241 procul
537 4175 615 4225 dubio
633 4174 676 4225 hic
694 4175 836 4241 significum
854 4177 930 4229 debet
946 4176 1094 4229 facultatem
1113 4177 1237 4227 sentiendi
1255 4183 1280 4226 et
1298 4175 1348 4225 dis·

382 4262 511 4321 cernendi,
531 4275 591 4327 ergo
609 4261 722 4312 animem
740 4263 793 4314 eive
812 4263 964 4315 rationem.‘'
