2978 4718
678 385 710 440 19

133 597 216 673 erui,
247 614 342 677 qnam
364 594 588 678 philosophum
611 592 778 670 statuisse,
808 593 954 673 quartam
984 590 1108 671 partem
1130 587 1254 652 animae

134 697 319 781 vulgaribus
342 697 480 778 eorporis
503 696 665 774 sensibus,
694 695 881 778 quiessent
913 689 958 762 ἐν
984 693 1071 774 τοῖς
1098 711 1255 761 aanor·

135 791 237 873 θόσι
264 790 410 883 τόποις
431 817 495 863 non
519 797 647 864 moveri.
691 797 803 881 Neque
829 813 902 861 vero
916 794 1002 858 idem
1022 795 1116 857 homo
1132 793 1253 871 doetus,

134 922 207 967 ourn
229 903 411 966 Reisaelreri
440 900 737 983 interpretationem
765 918 829 964 non
859 897 1054 981 probandam
1082 913 1149 960 esse
1182 915 1255 977 per-

134 1005 287 1088 spioeret,
317 1003 397 1069 mihi
418 1005 525 1087 potnit
551 1002 740 1086 persuadere
764 1003 870 1068 looum
892 1001 999 1084 ipsum
1022 1017 1090 1064 esse
1118 998 1256 1062 subditi·

135 1108 230 1173 oium.
275 1107 325 1170 Ad
347 1107 420 1172 illos
442 1107 527 1170 enim
542 1105 682 1189 eorporis
706 1123 819 1194 sensns
834 1102 1044 1186 proereandos
1063 1119 1117 1166 eae
1133 1101 1258 1166 animae

136 1209 335 1278 substantiae
365 1210 415 1273 sat
442 1211 519 1273 sunt
547 1211 768 1292 praeparatae,
796 1226 876 1290 quae
907 1207 941 1271 in
968 1204 1091 1270 affectis
1113 1203 1258 1286 partibus

135 1314 258 1378 insunt.
304 1311 396 1393 Quod
418 1330 492 1376 eum
515 1311 560 1376 ita
583 1311 639 1390 sit,
662 1312 695 1376 in
718 1310 823 1375 verbis
847 1297 898 1382 τό
915 1298 992 1399 yoip
1012 1297 1259 1401 ἡγεμονικόν

137 1407 301 1500 ἀπαθές
328 1415 418 1479 nulla
440 1413 588 1479 offensio!
634 1413 772 1479 Omnino
795 1414 903 1477 autem
925 1429 1049 1476 summa
1065 1411 1172 1494 quiete
1195 1410 1260 1474 frui

137 1520 251 1601 quarta
271 1535 344 1599 pars
366 1536 431 1582 non
449 1517 583 1595 dieitur,
604 1517 720 1600 quippe
744 1535 824 1598 qnae
846 1515 1038 1597 peroellatur
1060 1512 1260 1579 tenuissimis

137 1621 328 1698 simulantia,
354 1638 435 1702 quae
456 1639 514 1702 per
536 1639 607 1684 rara
629 1619 768 1702 eorporis
791 1620 961 1701 penetrant
983 1618 1091 1697 „intus
1114 1635 1259 1681 sensum·

137 1743 198 1806 qne
227 1724 419 1788 laoessnnt“.
471 1723 519 1788 De
548 1723 598 1787 his
627 1725 735 1786 autem
763 1721 862 1786 animi
891 1721 1038 1786 sensibus
1068 1720 1259 1785 Plutarohus

137 1843 198 1889 seu
221 1825 304 1889 alius
334 1825 420 1906 quis,
451 1825 506 1908 qui
532 1824 681 1906 florilegii
704 1826 814 1891 auctor
842 1825 977 1889 estnon
1006 1822 1167 1888 disseruit.

245 1961 379 2025 Parvola
394 1961 576 2025 litterarum
598 1962 774 2026 mutatione
786 1960 929 2025 Lueretii
952 1960 990 2026 de
1013 1961 1144 2042 quartae
1158 1958 1259 2040 partis

140 2064 262 2128 animae
299 2065 415 2128 natura
446 2063 622 2128 doetrinam
658 2064 705 2128 ita
726 2064 945 2141 restituimus,
983 2066 1020 2128 ut
1053 2081 1133 2146 quae
1169 2064 1263 2126 antea

138 2167 307 2248 permultis
322 2166 485 2232 laborabat
499 2166 745 2233 diffioultatibus
760 2167 931 2249 descriptio
946 2167 1066 2247 optime
1081 2165 1264 2246 decurreret

139 2287 241 2353 neque
275 2268 448 2352 quidquam
484 2270 667 2351 praeberet,
700 2270 734 2334 in
767 2289 829 2352 quo
864 2270 935 2353 quis
957 2271 1066 2352 posset
1093 2268 1261 2332 haesitare.

140 2370 228 2451 Quae
258 2372 425 2452 hueusque
458 2371 642 2450 attulimus,
676 2372 703 2436 si
732 2376 818 2437 reete
839 2391 860 2436 a
880 2372 973 2436 nobis
994 2373 1072 2436 sunt
1093 2370 1264 2453 disputata,

139 2474 319 2555 congruant
347 2491 421 2538 eum
448 2473 494 2537 eis
516 2492 646 2539 neeesse
676 2477 726 2539 est
747 2493 828 2556 quae
856 2475 894 2539 de
921 2474 1052 2557 Epicuri
1077 2472 1179 2556 ipsius
1207 2472 1263 2537 do·

140 2577 243 2641 etrina
271 2576 388 2640 tradita
411 2578 503 2654 sunt,
527 2595 601 2641 eum
623 2577 792 2642 Lueretius
813 2577 1020 2643 fidelissimus
1043 2575 1190 2659 magistri
1212 2577 1263 2640 in·

139 2682 261 2762 terpres
285 2680 453 2744 exstiterit.
497 2679 670 2744 Videamus
685 2679 795 2762 igitur,
811 2700 889 2745 nnm
912 2680 988 2762 quid
1010 2683 1164 2758 ooourrat,
1181 2679 1265 2761 quod

142 2781 284 2843 nostram
307 2779 549 2860 explicationem
571 2782 702 2848 refutet.
755 2784 803 2847 Ao
831 2783 970 2865 primum
998 2782 1126 2864 quidem
1149 2800 1264 2863 magno

142 2899 235 2962 opere
264 2881 434 2946 dolendum
468 2886 533 2962 est,
563 2885 646 2967 quod
672 2886 891 2949 sexcentorum
922 2884 1113 2967 scriptorum
1135 2884 1266 2967 Epieuri

143 3000 262 3064 paneae
283 2982 483 3068 reliquiae²⁶)
513 3005 592 3069 quae
615 2988 752 3052 aetatem
776 2988 923 3052 tulerunt
944 2987 1026 3051 nihil
1048 2987 1087 3052 de
1109 2988 1168 3052 hae
1190 2987 1264 3053 doo-

141 3085 244 3150 trinae
267 3088 357 3167 parte
380 3086 550 3154 exhibeant
572 3093 823 3174 quaerentesque
846 3109 903 3156 nos
927 3090 1054 3154 omnino
1077 3091 1264 3156 dest'tuant.

141 3185 220 3252 Prae
244 3189 358 3253 oeteris
382 3191 575 3270 auetoribus,
599 3193 714 3274 quide
738 3193 806 3258 eius
829 3193 1031 3275 philosophia
1057 3193 1266 3275 seripserunt,

142 3288 278 3371 Diogeni
313 3291 439 3357 Laertio
471 3293 550 3358 fides
572 3295 718 3360 habenda
747 3298 811 3374 est,
835 3297 891 3378 qui
912 3291 1100 3379 plerumque
1124 3295 1266 3377 genuina

141 3391 322 3474 philosophi
358 3395 454 3460 verba
485 3397 655 3466 memoriae
690 3397 831 3463 tradidit.
892 3397 1004 3481 Itaque
1044 3397 1130 3461 hand
1172 3397 1266 3463 laoile

143 3493 316 3576 quidquam
350 3498 433 3580 apud
467 3518 539 3563 eum
572 3500 749 3578 inveneriS,
783 3520 844 3584 quo
866 3501 1043 3565 deformata
1071 3501 1115 3565 sit
1136 3501 1267 3583 Epicuri

143 3594 296 3662 doctrina.
347 3599 447 3664 Immo
469 3620 595 3666 summa
622 3622 695 3668 euni
718 3603 887 3685 diligentia
909 3622 945 3668 aa
967 3603 1029 3667 lide
1052 3603 1176 3668 sineera
1198 3621 1265 3668 ma-

143 3697 237 3778 gistri
263 3702 381 3782 plaoita
403 3703 441 3767 ab
464 3707 657 3771 asseclarum
680 3706 906 3771 additamentis
928 3706 1085 3771 distinxit.
1136 3711 1182 3770 Ea
1208 3725 1266 3770 au-

143 3803 209 3865 tem
231 3820 312 3885 quae
335 3805 420 3887 apud
431 3806 606 3889 Diogenem
622 3810 661 3873 ad
677 3811 760 3874 hano
775 3809 995 3892 quaestionem
1005 3809 1118 3875 referri
1132 3813 1269 3892 possunt

144 4013 348 4031 -—--*-n

245 4146 277 4210 Ν)
294 4147 398 4213 Epicuri
415 4146 558 4213 fragmenta
582 4149 704 4202 librorum
722 4149 742 4202 ll
767 4159 793 4204 et
810 4151 846 4206 Xl
872 4154 905 4204 de
931 4158 1024 4204 natura
1046 4153 1072 4204 in
1096 4154 1267 4206 voluminibus

143 4233 297 4298 papyraceis
315 4249 347 4284 ex
366 4233 511 4286 Herenleno
530 4235 607 4286 eratis
624 4243 730 4301 reperta.
767 4237 886 4291 Orellius.
921 4240 1025 4306 Lipsiae
1044 4238 1118 4292 1813.

246 4315 313 4372 titur
331 4316 482 4386 Utudpsstlde
501 4321 619 4390 Epiknre.
655 4323 705 4374 Th.
720 4324 856 4393 Gompera.
892 4324 967 4378 Wien
988 4325 1062 4378 1876.

1081 4411 1114 4465 2*
