2978 4718
644 309 796 390 .-¹⁵-..

158 518 333 602 ootttiopen
369 515 487 584 roone.
500 513 542 599 2⁴)
594 513 845 595 Gresbergerum
877 510 1050 578 ooniedsse
1085 509 1280 591 „reperimus

158 642 251 707 posse
273 637 379 689 oreore
402 618 580 686 Semiferos
601 621 707 682 motus
733 616 789 698 qui
804 617 970 698 umquam
985 615 1091 678 mente
1114 613 1279 676 volutent‘

159 727 289 790 Polleus
330 723 423 791 testis
460 724 519 786 est.
571 717 741 787 Goebelius
766 719 809 798 in
845 716 1004 800 prioribus
1040 714 1281 797 quaestionibus

160 826 361 894 Lueretionis
383 825 466 891 hano
488 822 706 888 eonieeturom
727 819 908 903 proposuit:

202 930 270 1010 „nil
291 930 406 994 horum
427 926 577 1008 quoniam
599 922 735 1005 reoepit‚
758 940 791 986 se
813 940 905 1003 posse
927 938 1034 984 oreore

201 1032 392 1111 „sensiferos
415 1031 521 1094 motus
544 1029 577 1092 et
598 1043 679 1108 quae
701 1043 793 1089 mens
814 1041 951 1105 eumque
973 1023 1128 1088 volutatu

160 1135 361 1200 AMnnrone
383 1131 527 1214 profesto
541 1130 591 1214 est
613 1127 808 1193 emendatio:
832 1126 973 1207 „reoepit
994 1144 1045 1190 res
1059 1144 1151 1207 posse
1174 1143 1280 1189 oreore

160 1237 340 1306 Sensiieros
372 1235 478 1301 motus
510 1234 544 1298 et
576 1231 669 1296 homo
702 1248 782 1312 quoe
815 1231 923 1294 mento
956 1229 1110 1294 volutat‘.
1166 1228 1282 1292 Restat

160 1337 396 1407 Boekmuelleri
417 1334 612 1400 oonieoture:
636 1333 704 1410 „nil
726 1333 839 1396 horum
855 1331 1003 1412 quoniam
1026 1349 1061 1396 re
1083 1330 1168 1412 oepit
1189 1349 1281 1412 posse

162 1459 267 1507 oreste
290 1438 467 1504 Sensiferos
489 1439 595 1502 motus
618 1435 860 1516 quaerendaque
883 1435 990 1498 mente
1012 1434 1155 1498 volutet“
1185 1452 1281 1515 quem

161 1543 229 1624 ipse
251 1544 297 1606 ite
318 1541 469 1623 explieat:
514 1538 601 1619 „socii
632 1537 711 1604 irino
739 1541 785 1606 tet
814 1535 872 1602 orei
895 1536 1018 1602 debitos
1040 1535 1072 1602 ln
1094 1535 1280 1616 illiriiidpfeft

159 1645 184 1724 ie
214 1644 258 1712 oft
286 1642 420 1729 linigeio
447 1641 517 1708 dict
539 1639 589 1721 fud
620 1657 789 1726 peoomncu
819 1639 885 1720 tot,
921 1637 963 1706 tle
992 1637 1197 1724 deuepunpeo
1230 1642 1281 1705 teo

160 1746 275 1828 defleo
295 1763 330 1831 pu
352 1744 463 1825 uedeo,
487 1741 586 1825 uelde
609 1742 652 1809 oie
676 1739 943 1826 euprepiusque
965 1740 1181 1823 tenoemteo!

266 1848 400 1914 Minime
416 1846 535 1912 arridet
552 1845 809 1910 Winolrolmanni
823 1844 1031 1926 propositum,
1053 1845 1138 1928 quod
1152 1844 1282 1909 omnino

161 1952 306 2032 neglegit
320 1948 539 2031 cogitationes
562 1964 697 2028 querum
712 1947 908 2014 mentionem
922 1947 957 2012 in
970 1947 1031 2010 hoe
1046 1965 1141 2012 versu
1155 1950 1282 2028 poetam

160 2053 275 2118 feoisse
297 2071 407 2117 versus
429 2051 634 2132 insequentes
657 2051 839 2116 luculenter
861 2049 1090 2116 demonstrent.
1133 2051 1281 2116 Aliorum

158 2157 360 2220 oonieeturee
394 2173 431 2220 eo
463 2172 572 2220 omnes
606 2153 753 2218 laborent
784 2152 877 2230 vitio,
911 2152 995 2234 quod
1027 2154 1158 2244 quartae
1197 2154 1282 2235 porti

158 2261 253 2341 paulo
285 2257 436 2322 maiorem
463 2257 529 2322 vim
558 2255 744 2321 tribuerunt
769 2258 865 2337 etque
898 2255 981 2319 hono
1009 2256 1047 2319 ob
1077 2273 1206 2320 oausam
1234 2257 1281 2320 eis

158 2361 405 2432 diffioultatibus
427 2359 610 2440 implieetee
633 2360 720 2436 sunt,
743 2375 821 2440 ques
845 2375 942 2439 supro
963 2357 1173 2424 ostendimus.

260 2479 328 2544 lem
364 2497 438 2544 oum
470 2477 687 2544 resentiorum
719 2477 932 2560 interpretum
959 2495 1052 2541 uerno
1084 2478 1280 2560 protendam

157 2582 374 2650 oonieoturom
395 2580 612 2665 proposuerit,
643 2581 682 2644 sd
712 2580 924 2662 ‚sonptorum
945 2582 1050 2645 sesols
1075 2581 1199 2662 prioro“
1228 2602 1280 2648 re-

157 2688 329 2750 vertemur.
373 2685 421 2750 Ao
449 2684 589 2766 primum
610 2683 786 2765 Dionysius
809 2683 983 2748 Lambinus
994 2684 1036 2765 eu)
1065 2685 1176 2766 pouois
1207 2705 1279 2750 mu-

158 2787 236 2850 tetis
257 2787 377 2850 litteris
400 2787 529 2868 seripsit
554 2785 730 2866 „quaedem
758 2785 814 2866 qui
836 2788 944 2850 mente
965 2787 1142 2864 volutent‘,
1175 2807 1280 2871 neque

158 2907 242 2965 vero,
264 2905 456 2969 quamquem
478 2890 565 2952 reete
586 2887 749 2970 perspexit
770 2891 918 2970 quartem
945 2891 1069 2970 portem
1098 2889 1203 2954 animo
1226 2909 1279 2966 oo·

157 2989 282 3070 gitandi
304 2989 490 3056 feoultotem
512 2990 653 3069 reddere,
675 3009 756 3074 quse
779 3009 816 3056 ex
838 2993 897 3055 heo
919 3009 953 3056 re
975 2992 1153 3056 necessario
1176 2992 1278 3056 effioi-

157 3095 272 3169 untnr,
305 3093 482 3170 oonelusit‚
509 3098 574 3158 tres
603 3094 682 3158 olias
708 3096 816 3176 portes
849 3111 963 3158 sensus
996 3111 1065 3157 esse
1098 3095 1279 3176 partieipes

157 3193 207 3258 lto
231 3197 340 3260 sutem
368 3195 441 3260 illos
475 3214 587 3260 verens
618 3196 862 3278 interpretatur:
900 3197 1070 3278 „quonism
1100 3215 1189 3260 mens
1222 3215 1288 3288 seu

157 3297 238 3360 totio
260 3297 360 3364 enimi
382 3316 447 3362 non
468 3298 584 3380 resipit
605 3316 662 3364 seu
684 3317 749 3363 non
771 3299 940 3381 approbat,
970 3299 1141 3382 quiequam
1163 3299 1278 3364 horum

157 3397 258 3464 trium
277 3418 369 3482 poseo
392 3399 563 3469 sensiferos
584 3403 691 3466 motus
714 3419 836 3479 sisere,
863 3401 920 3482 qui
950 3404 1056 3465 motus
1079 3419 1129 3465 res
1153 3403 1275 3484 aliquos

156 3500 298 3581 eogitero
320 3505 353 3566 et
374 3503 517 3568 volutare
540 3506 689 3584 queunte*
713 3539 752 3550 -
776 3503 947 3585 „quonism
962 3503 1025 3568 trio
1042 3504 1101 3568 illo
1115 3505 1278 3585 superiora

157 3603 326 3668 sensiferos
350 3607 456 3670 motus
478 3623 585 3670 oreore
608 3625 672 3670 non
695 3608 846 3687 possunt,
869 3606 925 3688 qui
948 3605 1102 3689 quaedem
1125 3606 1276 3688 oogitent,

155 3707 270 3784 quarta
292 3706 339 3771 eis
360 3707 516 3789 quaedem
538 3712 656 3772 nature·
674 3707 810 3774 addetur
829 3726 961 3773 neeesse
983 3711 1048 3772 est:
1082 3727 1145 3790 quo
1168 3709 1277 3773 addito

154 3805 219 3870 inm
242 3807 285 3872 sit
306 3811 453 3874 omnibus
475 3811 620 3892 pertibus
643 3811 743 3875 animi
771 3812 889 3876 nstnro
909 3810 1056 3874 obsolute
1085 3815 1181 3894 atque
1203 3829 1275 3892 per-

154 3906 269 3974 feets.“
292 3910 376 3976 Tum
392 3912 607 3978 Wakefieldus
623 3932 680 3992 „ex
694 3914 844 3996 ingenio*
860 3913 948 3978 dedit
958 3914 1016 3991 „ut
1029 3929 1127 3995 quam
1142 3913 1276 3977 mininie

153 4065 359 4078 Ἣ

255 4150 288 4216 ²⁸)
305 4148 421 4218 melotae
437 4163 479 4218 put
494 4149 574 4206 &titii
590 4153 633 4205 oco
651 4152 758 4204 Leones.
794 4152 936 4205 Belzwedel
955 4153 1029 4206 1857.

255 4235 288 4304 ²⁵)
305 4237 471 4290 Frnnkofnrti
491 4237 569 4292 158³.
599 4253 642 4304 pg.
660 4237 719 4292 315.
