2978 4718
764 263 781 313 8

710 333 848 346 ...η-ι

365 469 455 544 „tum
477 466 568 532 nobis
587 467 726 530 animam
749 466 968 550 perturbatam
990 485 1058 532 esse
1080 464 1291 548 putandumst

365 570 582 652 „eieotamque
605 569 698 646 foras,
721 588 785 634 non
808 587 948 636 omnem:
971 587 998 634 e.
1021 588 1050 650 q.
1074 587 1098 632 s.

211 695 356 774 Longum
372 693 422 755 est
436 691 495 754 hoo
514 707 638 771 quoque
654 690 722 754 1000
742 689 905 771 disputare
920 688 959 754 de
974 687 1119 752 versibus
1137 687 1249 752 31ον
1260 688 1333 765 358,

211 796 327 880 quibus
351 792 473 875 eorpori
495 809 608 858 sensus
630 792 823 874 impertitur.

317 896 413 960 Nune
446 895 595 976 quonism
629 895 862 963 demonstrasse
896 893 976 960 mihi
1000 893 1121 970 videon,
1151 912 1215 959 uon
1242 893 1334 963 modo

211 1001 363 1076 animum,
387 997 442 1064 sed
464 997 561 1062 etiam
582 997 720 1065 animam
743 997 878 1074 sentire,
907 996 1123 1080 quaerendum
1146 1000 1204 1073 est,
1227 995 1337 1065 anima

211 1104 343 1186 quartae
367 1100 456 1166 illius
479 1100 595 1182 partis,
623 1118 718 1181 quam
752 1101 853 1164 solnm
875 1099 994 1165 sentire
1017 1099 1145 1176 dieunt,
1176 1098 1334 1180 partioeps

211 1206 255 1270 sit
276 1222 385 1269 neone.
430 1203 476 1266 Ac
491 1203 630 1285 primum
646 1202 819 1266 tenendum
835 1204 893 1280 est,
916 1201 1056 1268 animam
1071 1201 1106 1265 in
1120 1203 1186 1268 toto
1206 1219 1335 1282 corpore

212 1307 399 1390 dissipatam
423 1324 501 1384 esse,
525 1307 671 1387 quartam
694 1307 800 1369 antem
823 1306 946 1388 partem
968 1323 1042 1368 oum
1064 1304 1168 1370 tribus
1190 1304 1263 1370 aliis
1289 1303 1336 1369 ita

213 1411 433 1485 ooniunetam‚
465 1388 646 1492 1111110χή
668 1426 740 1472 oum
764 1427 908 1490 corpore:
933 1406 1063 1472 111276

366 1510 468 1592 „quod
491 1529 593 1592 genus
616 1510 650 1575 in
672 1510 792 1574 nostris
814 1510 965 1602 membris
988 1512 1021 1574 et
1042 1527 1174 1590 eorpore
1196 1511 1262 1574 toto

369 1613 488 1691 „mixta
510 1615 614 1678 latens
638 1613 738 1676 animi
760 1613 807 1676 vie
830 1616 880 1678 est
902 1607 1089 1694 animaeque
1111 1613 1262 1694 potestas,

368 1715 571 1797 „eorporibus
595 1715 730 1797 quiade
752 1715 858 1797 parvis
880 1716 1053 1798 paucisque
1077 1715 1223 1789 01001001,

365 1817 431 1895 „sio
454 1818 514 1882 tibi
536 1818 675 1883 nominis
698 1820 776 1883 haee
799 1819 978 1899 expeteris
1001 1817 1087 1882 faeta
1108 1815 1241 1881 minutis

365 1920 568 2000 „corporibus
591 1922 670 1984 latet
693 1922 788 2002 atque
812 1922 937 1986 animae
960 1921 1052 2002 quasi
1077 1919 1176 1984 totius
1198 1919 1269 2002 ipsa

366 2031 564 2104 „proporrost
586 2023 692 2086 anima
714 2024 747 2087 et
769 2023 954 2086 dominatur
977 2040 1104 2104 eorpore
1127 2024 1224 2087 toto.“

212 2127 273 2190 Η10
295 2126 384 2188 loeus
417 2143 481 2187 non
515 2125 664 2206 impedit,
701 2125 871 2206 quominus
904 2127 1050 2206 quartam
1073 2124 1107 2187 in
1140 2124 1247 2188 anima
1269 2143 1337 2188 esse

212 2245 407 2292 censeamus.
453 2219 491 2289 I'n
513 2227 594 2291 libro
610 2227 749 2291 seeundo
772 2228 879 2292 autem
895 2227 1065 2292 Lueretius
1087 2225 1180 2292 dooet
1201 2225 1338 2304 „initum

212 2332 337 2394 motus‘
360 2348 417 2393 seu
439 2329 543 2393 dioere
565 2330 666 2394 mavis
689 2331 887 2394 voluntatem
912 2347 931 2392 a
950 2329 1042 2394 eorde
1064 2329 1164 2393 oreari

368 2432 425 2508 „ut
446 2431 556 2495 videas
578 2431 695 2496 initum
719 2435 825 2496 motus
849 2451 867 2495 a
889 2432 981 2496 eorde
1004 2433 1105 2496 oreari

367 2551 424 2609 „ex
447 2533 608 2614 animique
632 2535 796 2598 voluntate
818 2534 850 2597 id
873 2533 1040 2615 proaedere
1062 2533 1210 2614 primum,

366 2635 459 2712 „inde
475 2635 543 2698 dari
558 2654 649 2716 porro
665 2654 721 2718 per
737 2637 839 2699 totum
864 2653 976 2717 eorpus
998 2638 1031 2698 et
1052 2635 1169 2698 artus.“
1192 2634 1254 2698 2119
1270 2652 1338 2715 sqq.

213 2739 331 2803 Eadem
345 2739 393 2802 vis
408 2738 443 2801 in
465 2737 544 2800 libro
562 2737 655 2802 tertio
680 2755 699 2801 a
721 2742 814 2820 poeta
830 2739 960 2820 quartae
983 2737 1068 2820 parti
1090 2736 1253 2813 tribuitur,
1277 2753 1339 2818 quo

212 2844 261 2920 fit,
278 2844 316 2907 ut
331 2843 476 2923 quartam
493 2841 617 2916 „media
630 2840 760 2924 regione
775 2841 810 2906 in
826 2841 983 2923 pectoris‘
995 2842 1125 2905 haerere
1138 2839 1338 2904 arbitremur.

367 2943 556 3022 „sensiferos
581 2945 686 3008 motus
710 2963 789 3026 quae
812 2943 894 3008 didit
914 2945 1017 3026 prima
1038 2961 1095 3025 per
1116 2944 1215 3019 artus,

366 3044 488 3127 „prima
517 3045 620 3109 eietur
649 3046 735 3110 enim
762 3046 867 3128 parvis
889 3045 1030 3127 perfeeto
1051 3045 1184 3127 figuris‘
1207 3045 1268 3108 245
1292 3064 1337 3128 sq.

1113 3147 1261 3225 „mobilis
1284 3147 1339 3211 illa

367 3249 436 3328 „vis
460 3247 578 3312 initum
601 3251 707 3314 motus
732 3250 769 3314 ab
792 3268 825 3313 se
849 3267 930 3332 quae
953 3249 1067 3316 dividit
1088 3250 1172 3327 oilie,

367 3350 523 3428 „sensifer
544 3352 628 3416 unde
654 3351 756 3416 oritur
778 3352 917 3434 primum
938 3371 995 3436 per
1017 3353 1139 3418 viseera
1161 3354 1296 3418 motus.“

214 3470 303 3535 Adde
319 3471 402 3554 quod
418 3469 470 3534 111
486 3470 548 3535 402
563 3477 656 3554 poeta
670 3471 897 3554 philosophans
918 3473 1058 3556 eorporis
1073 3476 1180 3555 partes
1203 3493 1338 3557 eumque

213 3574 264 3637 his
298 3572 422 3636 animae
455 3575 562 3655 partes
597 3575 692 3639 010111
722 3594 814 3656 posse
848 3575 940 3640 donet
961 3576 1030 3640 sino
1052 3577 1119 3641 11110
1147 3575 1338 3641 detrimento

214 3663 284 3758 τῆς
323 3659 476 3762 ψυχῆς,
492 3695 565 3740 oum
581 3677 792 3741 nihilominus
807 3678 901 3742 bomo
910 3677 944 3742 in
957 3677 1023 3742 vita
1034 3680 1207 3744 remaneat.
1234 3680 1336 3760 Quar-

216 3781 248 3842 ta
270 3780 378 3842 autem
402 3778 484 3842 tanti
499 3780 653 3844 momenti
676 3781 725 3844 est
740 3780 779 3843 ad
801 3780 910 3858 vitam,
934 3781 971 3844 ut
992 3782 1197 3847 vehementer
1220 3781 1338 3846 moveri

214 3900 277 3944 non
299 3880 410 3962 possit,
433 3881 551 3947 nedum
573 3885 679 3964 partes
702 3881 740 3946 ab
764 3901 801 3946 ea
823 3882 966 3947 abstrahi
988 3883 1129 3965 possint,
1153 3885 1230 3967 quin
1254 3903 1337 3949 mors

214 3984 387 4066 sequatur:
410 3981 458 4045 HI
481 3984 552 4049 254.
576 3985 616 4048 55

368 4090 425 4164 „ut
448 4086 531 4150 ritae
554 4086 637 4150 desit
659 4087 747 4152 loeus
771 4089 866 4171 atque
889 4087 1007 4152 animai

368 4188 561 4272 „diffugiant
581 4191 687 4272 partes
709 4209 766 4272 per
788 4191 896 4256 saulae
919 4189 1057 4272 eorporis
1081 4196 1220 4254 omnee“.
