2978 4718
746 343 779 398 36

204 557 291 624 falli:
322 575 362 622 ne
388 557 449 620 hec
476 554 604 637 quidem
633 556 739 637 potest
760 551 901 635 probari,
924 547 1008 632 quod
1031 546 1200 612 Lucretius
1223 546 1323 623 docet,

204 662 346 726 animum
368 661 406 724 de
429 677 486 724 suo
509 659 547 722 ad
569 676 722 722 sensuum
743 655 961 738 perceptiones
982 649 1103 732 aliquid
1126 649 1259 713 adicere.

204 763 249 827 IV
271 763 350 827 463:
373 779 474 844 „quae
495 761 612 825 violare
634 760 729 823 fidem
752 758 843 840 quasi
865 755 1012 820 sensibus
1028 753 1135 816 omnia
1156 755 1324 833 quaerunt,

289 865 512 947 „nequiquam
535 863 683 946 quoniam
706 879 779 944 pars
801 861 913 923 harum
937 856 1073 922 maxima
1095 854 1182 918 fallit

290 969 438 1050 „propter
458 967 607 1049 opinatus
629 965 738 1041 enimi,
761 981 839 1044 quos
862 961 1007 1026 addimus
1029 957 1092 1040 ipsi

289 1089 364 1153 „pro
387 1069 464 1134 visis
486 1071 524 1133 ut
545 1069 619 1147 sint,
642 1085 722 1150 quae
744 1085 809 1130 non
831 1063 986 1130 sensibus'
1009 1059 1092 1124 visa:

290 1190 383 1252 „nam
406 1173 454 1236 nil
476 1172 602 1254 aegrius
625 1174 683 1248 est,
706 1187 802 1252 quam
824 1187 875 1232 res
898 1181 1062 1232 secernere
1085 1161 1210 1243 apertas

291 1276 349 1354 „ab
371 1274 486 1352 dubiis
509 1275 634 1339 enimus
657 1291 735 1355 quas
760 1272 798 1336 ab
822 1290 855 1335 se
877 1269 1023 1353 protinus
1046 1262 1164 1329 addit.“

206 1396 440 1462 Addereenim
462 1396 500 1460 de
523 1413 580 1458 suo
603 1394 728 1457 animus
751 1392 834 1456 nihil
855 1394 975 1472 potest,
998 1395 1062 1461 nisi
1085 1376 1326 1480 προλήψεως

206 1517 296 1580 quae,
319 1516 391 1563 cum
407 1502 440 1564 et
454 1499 541 1580 ipsae
563 1514 655 1561 verae
679 1498 712 1559 et
726 1494 871 1559 veritatis
894 1495 1015 1561 indicia
1037 1501 1113 1578 siut,
1135 1519 1240 1567 avere
1261 1517 1327 1562 non

205 1604 341 1684 possunt
362 1602 397 1666 in
419 1619 557 1666 errorem
573 1599 733 1663 inducere.
778 1596 881 1676 Quam
901 1599 939 1662 ob
963 1620 1030 1666 rem
1053 1604 1115 1669 due
1138 1600 1326 1667 simulacro-

206 1723 278 1768 rum
300 1721 416 1785 genera
438 1703 545 1768 eodem
562 1705 703 1783 tempore
726 1700 764 1764 ab
780 1699 927 1766 omnibus
950 1704 1045 1768 rebus
1060 1708 1212 1791 perpetuo
1227 1701 1325 1766 flucre

207 1805 404 1884 crediderim,
420 1823 555 1889 quorum
570 1805 707 1868 alterum
723 1802 886 1867 oculorum
902 1807 1039 1887 pupulas
1052 1808 1174 1884 incitet,
1190 1807 1326 1870 alterum

207 1908 407 1973 inanimum
430 1908 569 1990 obrepat.
614 1906 682 1970 Hoc
705 1906 732 1969 si
755 1908 841 1970 recte
863 1906 963 1985 video,
986 1928 1049 1991 qua
1062 1911 1186 1976 ratione
1201 1908 1327 1973 animus

208 2011 340 2075 falletur
361 2010 570 2074 manifestum
592 2011 650 2073 est.
702 2007 756 2072 lm
778 2009 880 2085 enim,
908 2013 946 2074 ut
967 2013 1114 2080 tenuiora
1139 2013 1198 2077 illa
1226 2011 1325 2075 simu-

207 2114 294 2177 laeta
315 2113 397 2176 aeris
418 2113 515 2194 pulsu
537 2098 730 2176 mutilentur
751 2111 963 2194 mutilataque
986 2114 1097 2179 falsam
1121 2133 1229 2181 rerum
1247 2115 1326 2177 ima-

208 2214 315 2296 ginem
336 2214 372 2279 in
387 2215 530 2279 animum
546 2214 699 2291 deferant,
722 2214 798 2277 dum
820 2214 961 2279 firmiora
983 2218 1048 2282 aeri
1064 2218 1189 2300 possint
1203 2217 1328 2281 obstare

209 2317 373 2399 oculisque
402 2335 506 2382 veram
530 2317 667 2399 speciem
689 2317 884 2398 imprimant.
936 2317 1135 2402 Quapropter
1161 2337 1254 2402 saepe
1283 2319 1329 2382 ita

211 2438 272 2497 res,
294 2424 332 2485 ut
347 2439 410 2484 non
425 2422 512 2496 sunt,
534 2437 592 2483 uos
608 2419 765 2483 credimus
781 2437 909 2484 cernere
927 2457 967 2465 —
983 2423 1067 2486 oculi
1089 2424 1175 2488 euim
1190 2441 1254 2486 nou
1277 2440 1327 2484 er-

211 2526 335 2587 rant-
355 2525 388 2587 ct
409 2541 483 2587 cum
504 2521 604 2604 animi
625 2521 753 2585 demum
775 2522 893 2586 auxilio
915 2523 1041 2588 videndi
1064 2525 1183 2588 conscii
1204 2525 1328 2599 fiamus,

211 2625 246 2689 iu
261 2643 397 2689 errorem
414 2624 585 2688 incidimus
601 2626 695 2705 atque
710 2624 745 2686 in
760 2643 796 2688 eo
818 2643 1102 2707 perseveraremus,
1124 2626 1188 2690 nisi
1202 2627 1329 2706 praesto

174 2789 183 2815 ‚
211 2730 320 2792 essent
340 2717 573 2818 προλήψεις.
617 2725 867 2791 Simulacrcrum
882 2727 968 2792 enim
989 2728 1171 2793 incursione
1191 2745 1271 2810 quae
1295 2726 1329 2790 in

212 2830 317 2895 animo
340 2831 443 2894 latent
470 2828 641 2894 simulacra
668 2829 810 2894 eiusdem
839 2849 897 2895 seu
927 2831 1043 2895 similis
1072 2831 1198 2912 generis
1227 2831 1330 2896 denno

211 2934 401 3014 promuntur
415 2933 509 3013 atque
532 2932 582 2994 his
598 2931 787 3013 comparatis
809 2950 881 2996 cum
897 2932 1103 3014 adventiciis„
1117 2933 1195 3016 quid
1209 2951 1329 3009 verum,

211 3035 286 3116 quid
309 3034 428 3100 falsum
450 3034 494 3097 sit
515 3033 640 3097 animus
666 3036 771 3115 potest
793 3033 975 3100 diiudicare.
1019 3035 1064 3100 IV
1086 3037 1159 3100 383.
1181 3035 1261 3100 384:

296 3137 376 3214 „hcc
397 3135 496 3200 animi
517 3135 645 3200 demum
667 3136 748 3200 ratio
771 3136 950 3201 discernere
973 3137 1079 3214 debet,

297 3256 376 3316 „nec
395 3240 530 3319 possunt
551 3237 635 3303 oculi
657 3241 805 3302 naturam
828 3257 957 3303 noscere
979 3246 1115 3304 reruni*⁴

211 3341 322 3423 Neque
345 3358 418 3406 vero
447 3339 589 3404 omnium
616 3340 715 3405 animi
737 3341 806 3422 pari
828 3340 1029 3406 diseerneudi
1054 3342 1208 3406 facultate
1237 3359 1329 3424 prae·

211 3443 271 3508 diti
293 3445 385 3508 suut:
409 3461 543 3524 quorum
566 3443 651 3507 enim
674 3447 797 3508 mentes
820 3462 883 3508 non
899 3447 949 3509 sat
963 3444 1075 3510 multis
1091 3444 1329 3526 anticipationi-

210 3547 269 3611 bus
290 3546 467 3610 iustructac
489 3548 580 3622 sunt,
604 3545 633 3610 ei
654 3545 689 3609 in
711 3547 829 3610 multos
852 3565 973 3612 errores
995 3547 1157 3624 incidunt,
1186 3563 1330 3628 quorum.

211 3651 319 3714 autem
340 3651 465 3712 mentes
495 3648 540 3712 eis
563 3649 743 3725 abundant,
774 3649 803 3712 ei
835 3649 886 3712 vel
916 3648 954 3714 de
985 3649 1206 3714 subtilissimis
1236 3649 1332 3713 rebus

211 3751 352 3816 iudicare
389 3753 525 3832 possunt
560 3769 732 3832 rerumque
776 3753 925 3814 naturam
971 3751 1100 3832 penitus
1137 3752 1335 3832 cognoscunt

211 3853 284 3918 Nisi
306 3855 365 3918 hac
388 3853 598 3935 explicatione
621 3854 758 3933 accepta,
781 3852 923 3916 Lucretii
945 3852 984 3918 de
1006 3871 1160 3918 sensuum
1182 3851 1331 3918 ludibriis
1353 3899 1359 3908 ,

211 3956 388 4021 doctrinam
422 3956 500 4019 satis
532 3975 623 4037 posse
657 3953 804 4034 intellegi
836 3954 887 4019 vix
921 3957 1071 4037 putarim.
1126 3957 1235 4021 Unum
1267 3953 1332 4018 iam

211 4058 307 4123 liceat
328 4058 387 4122 hcc
409 4059 477 4121 loco
501 4056 729 4123 Lucretianum
757 4058 936 4139 exemplum
967 4059 1076 4141 paucis
1106 4057 1331 4141 perstringere,

212 4159 328 4242 quippe
354 4160 389 4223 iu
417 4178 479 4242 quo
508 4159 698 4224 illustrando
727 4177 840 4241 parurn
863 4159 925 4224 sibi
947 4161 1093 4227 videatur
1121 4158 1330 4244 philosophus

211 4260 403 4327 constitisse.
447 4261 531 4328 Sunt
553 4261 627 4328 libri
650 4263 756 4346 quarti
778 4281 888 4329 versus
910 4263 973 4328 353
996 4281 1079 4348 sqq:
