2978 4718
614 368 766 448 -ιχ-

128 579 255 660 poetam
269 577 351 639 hauc
366 591 433 638 rem
455 592 519 637 non
535 573 714 637 accuratius
734 575 898 636 tractasse.
944 571 975 636 Is
998 571 1083 636 enim
1108 572 1251 637 Lucretii

129 699 197 744 mos
221 681 283 755 est,
313 681 364 754 ut,
392 695 465 741 cum
494 695 588 740 sunm
612 676 746 759 quisque
769 675 851 739 liber
873 677 1098 756 argumentum
1124 675 1251 753 habeat,

131 801 211 866 quae
233 781 405 864 posteriore
428 781 509 845 libro
529 779 674 843 dicturus
698 781 756 855 est,
780 782 836 842 aut
858 797 922 842 non
944 779 1057 859 tangat
1079 780 1141 841 aut·
1157 797 1252 860 quam

130 886 236 967 potest
257 883 451 948 brevissime.
504 881 589 946 Satis
618 881 720 963 igitur
750 884 788 944 ut
810 881 889 944 alias
912 898 1003 962 saepe
1026 880 1140 946 habuit
1162 881 1251 945 addi-

130 988 214 1052 disse
238 987 361 1068 „prima
383 985 486 1050 cietur
509 985 595 1049 enim
617 984 723 1065 parvis
738 983 880 1065 perfecta
894 983 1027 1064 figuris‘
1051 986 1083 1046 et
1105 984 1252 1060 „mobilis

130 1091 188 1154 illa
209 1089 257 1153 vis
279 1089 396 1153 initum
412 1090 519 1152 motns
541 1087 579 1151 ab
603 1106 636 1151 se
660 1104 739 1168 quas
754 1085 870 1150 dividit
884 1085 976 1148 ollis“
1000 1085 1072 1151 271.
1117 1084 1151 1150 Si
1167 1086 1253 1150 enim

131 1193 295 1274 vulgarem
323 1209 454 1254 sensum
484 1189 631 1271 intellegi
660 1188 829 1264 voluisset,
858 1187 961 1252 dicere
993 1207 1057 1252 non
1086 1189 1253 1269 potuisset,

131 1313 201 1358 eam
223 1294 359 1375 primam
381 1292 469 1368 cieri,
492 1291 638 1356 sedtum
661 1291 788 1356 demum
812 1289 897 1368 cieri,
921 1291 949 1354 si
971 1294 1093 1355 ceterae
1116 1292 1255 1374 corporis

132 1399 166 1459 et
189 1396 314 1459 animae
335 1397 441 1477 partes
471 1397 565 1458 antea
595 1397 703 1459 essent
735 1397 848 1458 motae.
900 1392 963 1457 Per
992 1413 1025 1458 se
1048 1395 1133 1458 enim
1156 1396 1254 1475 patet,

132 1499 262 1580 penitus
284 1499 437 1562 latentem
453 1501 600 1579 quartam
621 1500 743 1580 partem
766 1515 831 1561 non
852 1515 944 1578 posse
964 1496 1161 1561 extrinsecus
1185 1516 1254 1562 cor·

132 1601 218 1682 poris
241 1601 344 1682 plagis
366 1600 503 1683 primam
527 1600 614 1666 cieri.
658 1601 733 1664 Noli
756 1603 863 1664 tamen
886 1599 1043 1676 arbitrari,
1070 1600 1255 1665 Lucretium

133 1703 194 1767 sibi
216 1722 280 1767 non
303 1705 465 1781 constare,
494 1721 567 1768 oum
595 1704 678 1766 hanc
700 1703 829 1785 penitus
852 1703 1007 1766 latentem
1029 1702 1093 1766 vim
1120 1703 1256 1785 primam

133 1805 329 1869 extrinsecus
344 1806 457 1871 doceat
470 1805 611 1888 percelli.
657 1804 835 1870 simulacra
850 1805 936 1870 enim
953 1843 991 1850 -
1016 1806 1137 1882 „multo
1154 1805 1255 1887 magis

134 1909 212 1971 hacc
234 1909 312 1971 sunt
333 1908 444 1972 tenuia
466 1910 556 1972 textu
572 1906 675 1987 Quam
698 1927 779 1990 qnae
801 1907 984 1990 percipiunt
1006 1909 1114 1972 oculos
1134 1908 1256 1972 visum-

135 2028 196 2090 que
219 2010 400 2075 lacessunt“
423 2047 463 2058 —-
486 2029 543 2092 per
563 2029 635 2074 rara
656 2011 795 2092 corporis
818 2011 989 2093 penetrant
1014 2011 1182 2092 „cientque
1205 2013 1255 2075 tc·

134 2130 231 2175 nuem
253 2113 352 2177 animi
374 2116 522 2179 naturam
549 2113 638 2177 intus
665 2131 858 2196 sensumque
887 2114 1079 2178 lacessunt.“
1132 2114 1255 2177 Horum

134 2214 378 2280 simulacrorum
400 2217 498 2281 atomi
521 2217 658 2281 minores
682 2219 759 2280 sunt
780 2220 875 2299 atque
897 2215 1041 2293 leviores,
1064 2232 1159 2298 quam
1176 2234 1256 2298 quae

133 2317 268 2382 maiores
293 2319 417 2383 animae
440 2323 561 2383 atomos
576 2319 701 2401 possint
714 2319 879 2400 impellere
902 2321 997 2400 atque
1015 2318 1112 2400 pulsu
1127 2336 1257 2382 sensum

134 2417 271 2483 efficere.
320 2421 420 2484 Recte
450 2420 550 2502 igitur
573 2421 677 2486 dicere
699 2421 805 2503 potuit
825 2422 934 2503 poeta,
966 2423 1111 2504 quartam
1133 2422 1257 2502 partem

133 2521 270 2602 primam
293 2522 380 2600 cieri,
404 2523 584 2587 simulacris
607 2523 751 2606 quidem,
774 2542 908 2607 quornm
931 2525 1112 2589 incursione
1136 2524 1256 2604 cogita·

133 2624 237 2688 tiones
260 2625 336 2689 oriri
361 2625 442 2689 libro
458 2628 580 2708 quarto-
594 2627 734 2691 docetur.
778 2627 840 2691 Hie
855 2628 944 2690 locus
967 2629 1025 2705 est,
1048 2626 1104 2691 ubi
1120 2645 1257 2691 errorem

134 2725 250 2790 Tohtei
273 2728 475 2808 castigemus,
499 2747 535 2792 ex
559 2747 620 2810 quo
636 2731 767 2810 apparet
787 2730 892 2806 otiam,
915 2733 1108 2813 quantopere
1129 2731 1259 2795 torserit

135 2827 184 2891 vir
207 2827 327 2905 doctus,
351 2833 388 2893 ut
402 2831 629 2912 comprobaret,
652 2831 794 2894 animum
812 2833 914 2896 solum
934 2849 1046 2896 sensus
1069 2832 1258 2914 participem

136 2947 205 2993 esse
228 2932 261 2994 et
282 2949 396 3012 corpus
427 2932 461 2996 in
490 2932 612 2998 affectis
643 2933 722 2998 locis
746 2933 876 2999 sentire.
920 2933 971 2998 lta
996 2934 1083 2999 enim
1104 2935 1200 3016 fingit
1222 2936 1256 2999 in

134 3034 243 3097 nostro
266 3051 395 3115 corpore
418 3053 546 3098 sensum
570 3037 675 3118 gigni:
699 3038 838 3118 corporis
862 3037 1045 3118 superficies
1060 3038 1258 3102 extrinsecus

134 3136 227 3216 pulsa
242 3137 366 3201 animae
382 3141 503 3213 atomos
518 3138 674 3220 percellit,
697 3159 777 3222 quae
794 3142 916 3205 motum
939 3139 978 3203 ad
993 3141 1136 3205 animum
1151 3142 1257 3204 trans·
1314 3202 1317 3210 .

135 3235 252 3316 ierunt,
276 3242 314 3303 ut
336 3240 380 3304 ibi
402 3259 516 3305 sensus
539 3241 707 3308 efficiatur.
752 3243 836 3307 Hinc
859 3261 971 3308 rursus
987 3243 1110 3307 animae
1134 3244 1167 3308 et
1188 3261 1258 3307 ocr-

136 3340 220 3420 poris
243 3342 341 3406 atomi
364 3343 591 3424 impelluntur,
619 3347 657 3410 ut
678 3345 738 3409 hae
762 3363 887 3428 quoque
915 3364 1029 3410 sensus
1052 3345 1133 3410 fiant
1154 3347 1256 3427 parti-

135 3439 231 3522 cipes.
263 3441 386 3521 Quibus
402 3445 485 3509 hanc
501 3447 744 3529 explicationem
761 3446 972 3524 confirmaret,
988 3447 1101 3512 attulit
1115 3450 1259 3531 exempla

135 3543 228 3610 haec:
259 3544 401 3613 111159.
425 3549 497 3614 245.
521 3549 583 3614 270
622 3548 702 3629 „iiie
731 3565 791 3616 nou
822 3554 874 3616 teu
896 3547 1040 3633 thcutu
1069 3549 1138 3631 uod)
1171 3550 1258 3618 turen

135 3645 255 3728 petente
271 3647 441 3734 cetoque
465 3650 497 3731 iit
519 3652 587 3732 uod)
611 3651 685 3718 trine
708 3651 836 3730 telonia
852 3642 1055 3744 αἴσθησις
1081 3657 1141 3718 unt
1166 3652 1197 3731 it
1220 3671 1259 3720 ou

134 3970 196 4021 uuu
217 3955 392 4039 pertonuit
414 3956 468 4037 out
498 3960 606 4025 anima
637 3967 697 4027 unt
719 3961 848 4043 serpo,
883 3964 994 4027 merten
1027 3959 1095 4042 oud)
1130 3959 1199 4042 titis
1228 3959 1259 4026 iu

134 4054 378 4142 illitttinruirtpctt
408 4079 528 4146 qqeqeu
557 4067 617 4129 nub
646 4063 771 4145 crucum
794 4062 881 4147 Ztetl
910 4081 949 4130 on
979 4065 1024 4130 tet
1047 4061 1257 4148 &mptubuuq

135 4158 208 4226 tine
242 4159 329 4244 fuldu
351 4161 555 4250 ffltdntrtunq
589 4168 640 4232 brt
673 4167 800 4232 animus
833 4165 888 4247 out
919 4168 1027 4231 anima
1059 4169 1118 4232 out
1146 4165 1260 4246 serpet

134 4260 234 4345 [dirim
268 4264 388 4333 Lucrez
421 4265 452 4334 in
486 4271 540 4335 teu
573 4270 645 4338 oben
678 4269 866 4357 cnqeittrteu
897 4269 1014 4338 &tetro
1045 4287 1080 4354 qu
1113 4268 1259 4337 metucu¹⁴

1089 4375 1106 4427 a
