2978 4718
689 325 753 405 'la

176 575 382 658 comprobari.
426 576 572 659 Namque
596 595 634 640 ne
656 577 802 659 pluribus
825 576 937 652 dicam,
961 572 1132 640 verisimile
1148 594 1211 640 non
1227 593 1295 641 esse

176 700 194 744 a
217 683 307 745 tanta
329 663 556 744 adsectatorum
585 680 675 762 copia
698 679 826 762 Epicuri
856 679 1032 744 doctrinam
1056 697 1119 743 non
1142 697 1211 743 esse
1233 679 1294 743 irn-

176 786 347 861 mutatam,
380 784 463 846 nihil
486 784 660 859 adiectum,
694 784 775 848 nihil
805 783 1024 859 emendatum,
1050 783 1133 847 nihil
1159 782 1295 865 denique

176 891 374 968 corruptum,
402 887 470 951 eius
494 888 604 950 auctae
627 887 722 967 atque
745 887 956 969 amplificatae
987 887 1149 951 doctrinae
1179 885 1320 950 indicia·

177 991 304 1053 exstant
334 989 417 1070 apud
443 989 621 1054 Hirzclium
654 991 688 1066 (l.
712 990 733 1053 l.
767 1009 819 1071 pg.
845 990 894 1054 17.
918 991 969 1055 98.
1001 991 1062 1054 108
1096 986 1296 1072 ,Chiliocomo

177 1091 204 1155 iu
236 1098 283 1157 bct
323 1091 519 1171 cpiinrcilcbcn
547 1091 703 1172 cancer).
760 1091 872 1174 Neque
906 1092 991 1174 fugit
1024 1093 1107 1156 viros
1141 1090 1296 1175 doctos⁵⁰)

175 1195 362 1260 Lucretium
393 1196 496 1259 multo
523 1195 625 1276 magis
653 1213 748 1276 qnam
772 1195 945 1277 Epicurum
971 1196 1005 1260 in
1034 1198 1211 1259 atomorum
1240 1194 1296 1258 de·
1348 1197 1351 1201 '

176 1297 348 1361 clinatione
372 1299 584 1363 animantium
610 1299 743 1363 liberam
758 1299 956 1364 voluntatem
971 1299 1071 1362 videri
1086 1297 1295 1379 praedicasse.

175 1437 235 1476 „—
252 1418 325 1464 cum
352 1401 415 1465 iam
437 1401 593 1483 Epicurus
622 1402 681 1464 hac
710 1401 914 1484 potissimum
943 1402 981 1465 de
1016 1419 1112 1464 causa
1135 1419 1228 1463 suurn
1258 1400 1297 1465 dc

176 1503 387 1568 declinatione
411 1507 587 1568 atomorum
604 1506 820 1569 commentum
836 1504 1087 1585 excogitavisset,
1112 1511 1149 1566 ut
1164 1503 1297 1566 liberam

175 1607 373 1670 voluntatem
396 1607 571 1672 Democriti
601 1607 790 1670 necessitate
824 1607 982 1670 sublatam
1012 1606 1195 1671 hominibus
1225 1606 1296 1669 vin-

175 1709 312 1787 dicaret,
343 1711 445 1773 multc
467 1709 571 1773 maius
594 1710 690 1773 etiam
714 1712 909 1773 momentum
934 1710 1120 1774 Lucretium
1142 1709 1219 1772 huic
1241 1709 1297 1772 de-

176 1814 262 1875 creto
293 1811 444 1875 tribuisse
471 1812 623 1876 videmus.
680 1812 807 1876 Diserte
838 1813 922 1875 enirn
954 1811 1149 1893 principium
1180 1811 1297 1875 liberae

176 1914 353 1977 veluntatis
383 1914 416 1977 in
439 1915 518 1996 ipsis
540 1915 631 1996 ponit
652 1914 911 1996 primordiis.“⁶¹)
963 1917 1067 1996 Atque
1096 1916 1168 1996 plus
1200 1915 1297 1979 etiam

175 2016 210 2082 in
233 2018 292 2079 hac
315 2035 347 2080 re
369 2016 505 2097 profecit
519 2016 777 2099 Bindseilinslb:
823 2016 1012 2093 „Lucretius
1029 2035 1102 2081 cum
1120 2018 1298 2082 atomorum

174 2119 421 2183 declinationem
450 2119 590 2196 inducit,
622 2119 728 2183 nrinus
760 2119 962 2184 necessitatis
993 2137 1074 2201 quac
1104 2120 1210 2184 estin
1232 2121 1298 2185 fato

174 2224 262 2285 metu
285 2240 380 2304 qnam
402 2222 521 2286 liberae
543 2222 710 2302 hominurn
732 2223 908 2286 voluntatis
944 2222 1080 2286 tuendae
1109 2222 1215 2286 studio
1238 2223 1297 2287 du-

175 2324 268 2388 citur.
332 2324 490 2405 Epicurus
531 2329 638 2389 autem
680 2326 769 2388 illam
803 2325 840 2388 de
875 2327 1053 2389 atomorum
1085 2324 1298 2390 declinatione

175 2425 351 2488 doctrinam
374 2427 576 2506 potissimum
600 2429 659 2490 hoc
682 2427 816 2491 consilio
839 2424 1038 2491 commentus
1062 2430 1119 2504 cst,
1142 2431 1180 2492 ut
1195 2428 1299 2492 fatum

176 2531 365 2602 removeret,
394 2529 446 2592 cui
469 2530 575 2593 omnia
606 2531 785 2594 subiectum
808 2529 848 2594 iri
871 2530 1009 2610 censuit,
1039 2530 1066 2595 si
1097 2531 1242 2595 ordinata
1263 2551 1300 2595 ac

176 2630 370 2712 sempiterna
392 2650 561 2695 causarum
585 2633 664 2697 serie
687 2635 904 2712 1·egercntur.“

280 2749 348 2812 Hoc
371 2751 470 2831 igitur
492 2752 595 2832 posito
619 2756 652 2816 et
667 2770 816 2816 concesso
839 2753 878 2816 ad
901 2771 953 2816 eos
976 2753 1145 2836 scriptores
1168 2755 1298 2818 acceda-

175 2870 255 2927 nruS,
280 2852 335 2932 qui
358 2852 531 2934 Epicurum
554 2854 698 2918 docuisse
721 2854 955 2918 cohaerentiam
979 2855 1097 2918 liberae
1125 2857 1299 2920 voluntatis

175 2971 247 3015 cum
270 2957 448 3018 atomorum
470 2955 682 3021 declinatione
706 2959 851 3022 auctores
875 2961 960 3022 sunt.
1012 2958 1118 3039 Atque
1144 2962 1182 3022 ut
1204 2978 1222 3022 a
1245 2957 1298 3023 Ci-

174 3073 286 3118 cerone
310 3057 479 3133 ordiamur,
502 3047 574 3122 cum
598 3059 631 3122 in
655 3059 726 3124 aliis
750 3059 901 3124 historiae
924 3059 1130 3142 philosophae
1153 3061 1299 3142 partibus

174 3161 241 3220 tum
266 3159 297 3221 in
322 3159 452 3240 Epicuri
474 3159 619 3224 doctrina
641 3162 1023 3245 explanata-aequitatem
1047 3163 1116 3227 eius
1139 3182 1175 3226 ac
1204 3164 1299 3227 iidem

175 3259 399 3325 desideramus.
452 3263 538 3327 Haec
572 3263 787 3328 inconstantia
816 3269 910 3346 atque
941 3265 1111 3329 infirmitas
1134 3266 1208 3331 inde
1230 3271 1299 3331 orta

174 3363 232 3437 est,
255 3364 338 3443 quod
354 3363 463 3428 Cicero
485 3366 650 3448 rivulos⁵²³)
674 3367 764 3448 sequi
779 3385 874 3448 quam
897 3385 933 3430 ex
949 3366 1091 3430 fontibus
1114 3367 1192 3450 ipsis
1217 3370 1298 3432 hau-

174 3463 236 3528 rire
260 3466 382 3531 maluit.
427 3467 557 3550 Epicuri
580 3469 680 3550 ipsius
704 3469 823 3551 scripta
845 3489 917 3533 eum
939 3489 1003 3533 non
1024 3470 1197 3552 perlegisse
1221 3473 1298 3537 satis

173 3569 308 3630 constat.
354 3567 415 3650 (of.
439 3568 632 3649 Woltjernm
655 3572 675 3635 l.
699 3572 720 3635 l.
743 3590 794 3652 pg.
819 3571 882 3654 87.)
926 3571 1082 3637 Notitiam
1099 3575 1205 3637 autem
1222 3574 1297 3656 Epi-

274 3859 297 3889 ³⁰
324 3858 356 3909 ci.
410 3897 416 3909 .
471 3898 477 3909 .
532 3897 537 3909 .

274 3861 305 4006 ui
326 3859 535 3994 erriiciiaiff:
571 3946 600 3995 r.
622 3947 733 3997 ruerem
752 3949 784 3997 aa
801 3948 946 4012 primordiis
971 3949 1095 3998 coctana.
1131 3921 1299 4016 magdeburg

173 4027 250 4080 1864.
285 4044 328 4093 pg.
350 4031 374 4081 b.
487 4020 490 4026 ’

274 4114 305 4175 ⁵²)
327 4113 496 4174 Quaesticncs
514 4116 691 4167 Lucretianam.
729 4116 838 4167 Anolam
859 4118 933 4170 1867.
968 4120 1069 4185 pg.10.

274 4199 305 4263 ⁵³)
324 4197 364 4249 cs.
382 4199 499 4252 Teuffel:
520 4201 610 4252 lacem
629 4203 688 4252 Lin.
708 4219 750 4268 pg.
771 4203 829 4255 327.
847 4203 906 4257 330.
924 4201 1138 4267 —„c1io1cutrt
1156 4202 1226 4271 lullo,
1245 4219 1297 4272 qum

173 4277 246 4348 &tell
265 4283 366 4337 untelnc
385 4281 526 4340 Duebcnf'
