2978 4718
713 332 745 382 13

167 538 203 605 in
235 536 403 613 venenuo,
439 535 523 618 qnod
558 537 609 599 est
640 537 796 614 „euneta“
833 538 866 600 et
901 534 936 598 iu
973 533 1111 600 editione
1149 535 1291 600 Lucretii

169 639 320 706 carminis
341 639 446 706 meum
476 637 567 703 dedit
594 638 794 703 eonieetmee
824 637 982 715 ‚senens
1034 635 1155 701 (laneae
1184 641 1291 702 antem

169 759 248 824 quas
270 740 364 806 aliert
386 740 521 806 leuiores
543 742 621 806 suut
642 742 676 804 et
697 739 805 804 falsae.
857 738 907 805 Sit
936 739 1014 803 satis
1037 739 1076 803 sd
1098 758 1171 804 eum
1193 739 1290 804 refel-

169 845 299 910 lendum
320 861 466 910 reveeare
489 843 528 907 ad
555 861 683 908 versum
710 843 783 908 268.
833 841 931 906 Illmn
958 842 1156 924 pronominis
1181 843 1290 924 „quis-

169 952 249 1029 que“
277 965 371 1012 usum
401 964 443 1012 ne
471 945 543 1027 quis
560 963 585 1008 a
607 945 756 1010 Lueretie
788 945 930 1009 alienum
958 963 1027 1010 esse
1050 947 1179 1026 putaret
1193 944 1288 1009 ideo-

168 1068 230 1131 que
253 1049 469 1116 eonieeturem
491 1065 596 1112 meam
616 1047 767 1124 reiteret,
789 1047 824 1112 in
848 1065 941 1111 usum
963 1047 1159 1129 pronominis
1181 1047 1290 1130 „qnis-

169 1158 250 1234 que‘
288 1151 372 1234 apud
401 1150 589 1215 Lueretium
618 1149 779 1230 inquirere
816 1149 1029 1215 instituimus.
1087 1149 1149 1214 'lot
1184 1153 1291 1215 autem

168 1257 360 1320 oeeurerunt
381 1252 444 1317 loai
465 1252 522 1334 qui
544 1271 617 1317 eum
639 1252 809 1316 confimare
831 1251 1013 1330 videantur,
1047 1256 1085 1318 nt
1106 1271 1160 1317 eos
1182 1271 1291 1316 omnes

169 1355 282 1422 afferre
304 1355 575 1438 supersedeamus.
620 1353 706 1418 Satis
728 1357 824 1419 sunto
846 1356 990 1437 exempla
1010 1356 1105 1420 haee:

198 1476 214 1539 l
237 1476 299 1540 218
321 1494 415 1554 „nam
437 1475 465 1539 si
487 1473 564 1556 quid
586 1475 720 1538 mortale
743 1491 759 1538 e
782 1475 908 1538 eunetis
930 1474 1074 1555 pertibus
1098 1477 1183 1539 esset

321 1597 380 1657 „ex
401 1577 503 1642 oeulis
525 1595 587 1640 res
610 1594 787 1659 quaeque
809 1579 940 1659 repente
965 1581 1073 1660 erepta
1094 1579 1242 1660 periret.“

198 1680 213 1744 I
235 1681 295 1744 541
319 1684 413 1759 „ante
429 1682 489 1744 hae
504 1679 544 1742 ad
557 1679 663 1743 nilum
678 1679 806 1760 penitus
821 1697 887 1742 res
903 1698 1082 1762 quaeque
1104 1681 1291 1745 redissent.“

197 1783 213 1846 I
235 1784 298 1847 562
320 1783 489 1864 „qnoniam
511 1782 600 1844 refiei
622 1798 701 1845 rem
723 1781 961 1864 quamquew)
983 1782 1147 1846 videmns“

198 1885 298 1949 1995
322 1903 467 1966 „semper
499 1885 533 1948 iu
556 1883 687 1947 adsiduo
709 1887 798 1948 motu
821 1903 882 1948 res
905 1901 1091 1966 quaeque
1114 1888 1292 1966 geruntur“

186 1987 217 2050 ΙΙ
257 1989 300 2051 68
322 1987 492 2070 „qnoniam
514 1987 618 2050 minui
639 2005 719 2050 rem
736 2004 934 2068 quamque
956 1987 1130 2053 videmus.“

186 2090 218 2152 ll
240 2091 303 2154 233
325 2091 511 2171 „propterea
533 2088 609 2171 quie
624 2107 737 2172 eorpus
760 2107 860 2171 aquae
882 2091 1060 2171 naturaque
1084 2091 1190 2155 terruis

321 2192 423 2271 ‚aeris
445 2192 530 2256 haud
545 2194 680 2273 pessunt
694 2209 793 2273 aeque
817 2211 899 2256 rem
921 2209 1122 2275 quamque
1145 2192 1291 2257 morari.“

276 2291 396 2360 'laedet
424 2295 521 2359 etiam
549 2295 661 2358 multis
690 2294 844 2375 exemplis
875 2313 912 2358 er
938 2296 1121 2360 litterarum
1148 2297 1291 2377 apidibus

168 2398 315 2480 repetitis
337 2397 549 2478 eomprobare‚
574 2396 730 2460 eiusmodi
754 2397 867 2460 menda
889 2398 1058 2479 (munem
1081 2417 1137 2481 pro
1159 2417 1291 2480 „quem-

169 2501 265 2582 que“)
303 2501 338 2564 in
370 2499 462 2564 libris
501 2498 629 2580 seriptis
663 2498 816 2576 inveniri,
853 2517 1046 2582 quamquem
1078 2519 1142 2565 nou
1176 2503 1293 2565 desunt

169 2603 289 2668 nostris
308 2603 437 2684 quidem
459 2601 655 2684 temporibus
678 2603 849 2683 philologi,
881 2604 935 2684 qni
965 2605 1087 2668 nullam
1118 2604 1291 2668 admittant

169 2706 481 2783 eonieeturamsnisi
504 2708 600 2768 antea
622 2721 692 2768 eam
714 2705 793 2769 setis
810 2706 921 2772 multis
944 2708 1097 2789 exeurplie
1120 2708 1289 2770 eoniirma-

170 2808 263 2872 veris.
316 2807 441 2887 Quibus
463 2808 541 2871 satis
563 2807 620 2872 fiat
641 2807 758 2872 additis
786 2807 865 2872 lueis
888 2807 919 2871 II
942 2808 1000 2872 721

490 2915 665 2991 „eumque‘
687 2929 743 2991 pro
766 2915 964 2994 „quemque‘

211 3011 328 3076 11905
350 3017 526 3094 „eumque‘⁴
547 3029 604 3095 pro
625 3011 780 3091 „ennete‘

211 3114 243 3178 ΙΙ
265 3116 327 3179 943
350 3133 528 3198 „quamque
551 3116 705 3180 tuentur“
727 3134 784 3197 pro
807 3117 1105 3194 ‚,eoueutereutnr“.
1148 3163 1150 3170 ι

276 3218 451 3301 Postquam
473 3219 531 3282 hoe
546 3218 662 3282 vitium
683 3218 719 3282 iu
734 3237 831 3284 versu
844 3219 907 3282 238
922 3218 1100 3284 deteximus
1115 3221 1288 3284 sinceram-

169 3339 231 3401 que
246 3321 444 3403 soripturam
465 3320 678 3398 restituimus,
701 3321 741 3384 ad
763 3340 874 3386 versus
895 3326 1065 3404 sequentes
1088 3325 1288 3386 transeamus

211 3423 279 3500 „nil
300 3424 414 3488 horum
436 3423 587 3505 quoniam
608 3423 724 3505 reeipit
745 3443 837 3488 mens
857 3443 948 3506 posse
972 3443 1083 3489 ereare

212 3525 402 3602 „sensiferos
425 3528 531 3590 motus
549 3525 770 3608 ¹quaedamque
793 3530 900 3591 mente
922 3528 1077 3592 volutat.“

169 3644 236 3709 Hos
258 3663 368 3710 versus
392 3645 615 3710 Laehmanuus
637 3647 684 3710 ita
704 3647 876 3710 restituere
898 3649 1032 3711 equetus
1055 3651 1120 3713 est:

211 3747 279 3826 „nil
300 3749 414 3814 horum
429 3750 577 3832 queniam
601 3749 717 3830 resipit
738 3765 833 3831 quem
855 3767 947 3831 posse
969 3766 1085 3828 oreore,
1116 3777 1120 3788 ¹
1149 3764 1151 3774 ⁴

209 3850 400 3929 „sensiferos
423 3860 529 3917 motus
551 3852 706 3934 quaedam
727 3853 777 3916 ris
799 3852 910 3915 menti'
932 3854 1086 3920 volutet.⁶‘

169 3969 396 4060 Praeterquam
421 3976 530 4038 autem
557 3972 641 4054 quod
669 3973 747 4036 haee
783 3972 979 4054 pronominis
1014 3973 1140 4038 relativi
1172 3973 1289 4056 positio

269 4179 301 4244 29)
324 4179 419 4230 Conier
443 4179 590 4228 thesaurum
615 4177 765 4231 tomellini:
799 4179 963 4240 ‚metuetur
986 4180 1064 4230 etam
1090 4179 1182 4229 eodem
1213 4191 1289 4228 senen

168 4264 349 4315 adieeiirorum
367 4270 463 4316 more“.
500 4266 587 4329 (lanes.
607 4263 615 4315 Ι
636 4264 708 4328 562.)
