<?xml version="1.0" encoding="UTF-8"?>
<!DOCTYPE html PUBLIC "-//W3C//DTD XHTML 1.0 Transitional//EN"
    "http://www.w3.org/TR/xhtml1/DTD/xhtml1-transitional.dtd">
<html xmlns="http://www.w3.org/1999/xhtml" xml:lang="en" lang="en">
 <head>
  <title>
</title>
<meta http-equiv="Content-Type" content="text/html;charset=utf-8" />
  <meta name='ocr-system' content='tesseract 3.04.00' />
  <meta name='ocr-capabilities' content='ocr_page ocr_carea ocr_par ocr_line ocrx_word'/>
</head>
<body>
  <div class='ocr_page' id='page_1' title='image "annotationesadl00eichgoog_0048.png"; bbox 0 0 2978 4718; ppageno 0'>
   <div class='ocr_carea' id='block_1_1' title="bbox 729 313 763 367">
    <p class='ocr_par' dir='ltr' id='par_1_1' title="bbox 729 313 763 367">
     <span class='ocr_line' id='line_1_1' title="bbox 729 313 763 367; baseline 0 0"><span class='ocrx_word' id='word_1_1' title='bbox 729 313 763 367; x_wconf 83' lang='lat'>39</span> 
     </span>
    </p>
   </div>
   <div class='ocr_carea' id='block_1_2' title="bbox 187 519 1315 4298">
    <p class='ocr_par' dir='ltr' id='par_1_2' title="bbox 187 519 1314 1220">
     <span class='ocr_line' id='line_1_2' title="bbox 187 519 1312 602; baseline 0.003 -18"><span class='ocrx_word' id='word_1_2' title='bbox 187 521 274 596; x_wconf 76' lang='lat' dir='ltr'>cius,</span> <span class='ocrx_word' id='word_1_3' title='bbox 305 519 388 600; x_wconf 94' lang='lat' dir='ltr'>quod</span> <span class='ocrx_word' id='word_1_4' title='bbox 410 519 473 602; x_wconf 88' lang='lat' dir='ltr'>ipsi</span> <span class='ocrx_word' id='word_1_5' title='bbox 495 520 651 598; x_wconf 86' lang='lat' dir='ltr'>addimus,</span> <span class='ocrx_word' id='word_1_6' title='bbox 674 524 724 586; x_wconf 83' lang='lat' dir='ltr'>est</span> <span class='ocrx_word' id='word_1_7' title='bbox 745 521 977 602; x_wconf 85' lang='lat' dir='ltr'>investiganda.</span> <span class='ocrx_word' id='word_1_8' title='bbox 1033 521 1118 601; x_wconf 78' lang='lat' dir='ltr'>Quid</span> <span class='ocrx_word' id='word_1_9' title='bbox 1140 526 1247 587; x_wconf 87' lang='lat' dir='ltr'>antem</span> <span class='ocrx_word' id='word_1_10' title='bbox 1274 523 1312 587; x_wconf 87' lang='lat' dir='ltr'>de</span> 
     </span>
     <span class='ocr_line' id='line_1_3' title="bbox 188 622 1314 706; baseline 0.003 -20"><span class='ocrx_word' id='word_1_11' title='bbox 188 627 305 686; x_wconf 89' lang='lat' dir='ltr'>natura</span> <span class='ocrx_word' id='word_1_12' title='bbox 327 622 405 700; x_wconf 80' lang='lat' dir='ltr'>eius,</span> <span class='ocrx_word' id='word_1_13' title='bbox 428 623 512 705; x_wconf 92' lang='lat' dir='ltr'>qnod</span> <span class='ocrx_word' id='word_1_14' title='bbox 534 624 573 688; x_wconf 90' lang='lat' dir='ltr'>ad</span> <span class='ocrx_word' id='word_1_15' title='bbox 588 624 746 706; x_wconf 90' lang='lat' dir='ltr'>impulsus</span> <span class='ocrx_word' id='word_1_16' title='bbox 762 629 885 689; x_wconf 82' lang='lat' dir='ltr'>exteros</span> <span class='ocrx_word' id='word_1_17' title='bbox 901 625 963 706; x_wconf 92' lang='lat' dir='ltr'>ipsi</span> <span class='ocrx_word' id='word_1_18' title='bbox 978 625 1134 701; x_wconf 88' lang='lat' dir='ltr'>addimus,</span> <span class='ocrx_word' id='word_1_19' title='bbox 1162 626 1314 690; x_wconf 89' lang='lat' dir='ltr'>iudicarit</span> 
     </span>
     <span class='ocr_line' id='line_1_4' title="bbox 188 725 1312 810; baseline 0.003 -22"><span class='ocrx_word' id='word_1_20' title='bbox 188 725 366 807; x_wconf 85' lang='lat' dir='ltr'>Epicurus,</span> <span class='ocrx_word' id='word_1_21' title='bbox 390 727 538 806; x_wconf 77' lang='lat' dir='ltr'>cognosci</span> <span class='ocrx_word' id='word_1_22' title='bbox 568 745 631 790; x_wconf 92' lang='lat' dir='ltr'>non</span> <span class='ocrx_word' id='word_1_23' title='bbox 655 727 793 809; x_wconf 86' lang='lat' dir='ltr'>amplius</span> <span class='ocrx_word' id='word_1_24' title='bbox 814 730 949 810; x_wconf 86' lang='lat' dir='ltr'>potcst.“</span> <span class='ocrx_word' id='word_1_25' title='bbox 993 727 1074 792; x_wconf 92' lang='lat' dir='ltr'>Mihi</span> <span class='ocrx_word' id='word_1_26' title='bbox 1099 728 1227 810; x_wconf 88' lang='lat' dir='ltr'>quidem</span> <span class='ocrx_word' id='word_1_27' title='bbox 1248 748 1312 792; x_wconf 89' lang='lat' dir='ltr'>non</span> 
     </span>
     <span class='ocr_line' id='line_1_5' title="bbox 188 828 1311 912; baseline 0.003 -20"><span class='ocrx_word' id='word_1_28' title='bbox 188 828 323 892; x_wconf 87' lang='lat' dir='ltr'>difficile</span> <span class='ocrx_word' id='word_1_29' title='bbox 346 828 472 892; x_wconf 85' lang='lat' dir='ltr'>videtur</span> <span class='ocrx_word' id='word_1_30' title='bbox 495 847 563 892; x_wconf 89' lang='lat' dir='ltr'>esse</span> <span class='ocrx_word' id='word_1_31' title='bbox 586 829 772 906; x_wconf 88' lang='lat' dir='ltr'>intellectu,</span> <span class='ocrx_word' id='word_1_32' title='bbox 802 831 878 912; x_wconf 90' lang='lat' dir='ltr'>quid</span> <span class='ocrx_word' id='word_1_33' title='bbox 899 830 961 912; x_wconf 90' lang='lat' dir='ltr'>ipsi</span> <span class='ocrx_word' id='word_1_34' title='bbox 984 830 1023 893; x_wconf 90' lang='lat' dir='ltr'>ad</span> <span class='ocrx_word' id='word_1_35' title='bbox 1044 830 1242 894; x_wconf 75' lang='lat' dir='ltr'>incurrentia</span> <span class='ocrx_word' id='word_1_36' title='bbox 1267 831 1311 895; x_wconf 95' lang='lat' dir='ltr'>si·</span> 
     </span>
     <span class='ocr_line' id='line_1_6' title="bbox 188 916 1312 1018; baseline 0.004 -24"><span class='ocrx_word' id='word_1_37' title='bbox 188 932 332 995; x_wconf 90' lang='lat' dir='ltr'>mnlaora</span> <span class='ocrx_word' id='word_1_38' title='bbox 353 931 515 1007; x_wconf 86' lang='lat' dir='ltr'>addamus,</span> <span class='ocrx_word' id='word_1_39' title='bbox 544 916 764 1018; x_wconf 74' lang='grc' dir='ltr'><em>προλήψεις</em></span> <span class='ocrx_word' id='word_1_40' title='bbox 800 933 933 1011; x_wconf 81' lang='lat' dir='ltr'>scilicet,</span> <span class='ocrx_word' id='word_1_41' title='bbox 959 951 1095 1014; x_wconf 92' lang='lat' dir='ltr'>quarum</span> <span class='ocrx_word' id='word_1_42' title='bbox 1117 933 1234 998; x_wconf 84' lang='lat' dir='ltr'>auxilio</span> <span class='ocrx_word' id='word_1_43' title='bbox 1255 952 1312 998; x_wconf 93' lang='lat' dir='ltr'>no-</span> 
     </span>
     <span class='ocr_line' id='line_1_7' title="bbox 188 1034 1313 1117; baseline 0.002 -19"><span class='ocrx_word' id='word_1_44' title='bbox 188 1038 269 1099; x_wconf 88' lang='lat' dir='ltr'>stras</span> <span class='ocrx_word' id='word_1_45' title='bbox 299 1034 508 1116; x_wconf 88' lang='lat' dir='ltr'>cogitationes</span> <span class='ocrx_word' id='word_1_46' title='bbox 530 1035 656 1098; x_wconf 86' lang='lat' dir='ltr'>animus</span> <span class='ocrx_word' id='word_1_47' title='bbox 696 1037 803 1117; x_wconf 85' lang='lat' dir='ltr'>potest</span> <span class='ocrx_word' id='word_1_48' title='bbox 823 1035 987 1100; x_wconf 89' lang='lat' dir='ltr'>moderari.</span> <span class='ocrx_word' id='word_1_49' title='bbox 1049 1035 1122 1100; x_wconf 91' lang='lat' dir='ltr'>Huc</span> <span class='ocrx_word' id='word_1_50' title='bbox 1155 1036 1313 1100; x_wconf 85' lang='lat' dir='ltr'>referendi</span> 
     </span>
     <span class='ocr_line' id='line_1_8' title="bbox 188 1137 914 1220; baseline -0.001 -19"><span class='ocrx_word' id='word_1_51' title='bbox 188 1139 265 1201; x_wconf 90' lang='lat' dir='ltr'>sunt</span> <span class='ocrx_word' id='word_1_52' title='bbox 286 1153 396 1200; x_wconf 87' lang='lat' dir='ltr'>versus</span> <span class='ocrx_word' id='word_1_53' title='bbox 420 1137 603 1200; x_wconf 84' lang='lat' dir='ltr'>Lucretiam</span> <span class='ocrx_word' id='word_1_54' title='bbox 625 1137 679 1202; x_wconf 91' lang='lat' dir='ltr'>lib.</span> <span class='ocrx_word' id='word_1_55' title='bbox 702 1137 734 1200; x_wconf 91' lang='grc' dir='ltr'>ΙΙ</span> <span class='ocrx_word' id='word_1_56' title='bbox 757 1138 817 1200; x_wconf 83' lang='grc'>277</span> <span class='ocrx_word' id='word_1_57' title='bbox 841 1157 914 1220; x_wconf 85' lang='lat' dir='ltr'>sqq:</span> 
     </span>
    </p>

    <p class='ocr_par' dir='ltr' id='par_1_3' title="bbox 272 1239 1195 1322">
     <span class='ocr_line' id='line_1_9' title="bbox 272 1239 1195 1322; baseline 0.002 -20"><span class='ocrx_word' id='word_1_58' title='bbox 272 1239 396 1317; x_wconf 86' lang='lat' dir='ltr'>„iamne</span> <span class='ocrx_word' id='word_1_59' title='bbox 420 1239 507 1303; x_wconf 83' lang='lat' dir='ltr'>vides</span> <span class='ocrx_word' id='word_1_60' title='bbox 529 1239 639 1320; x_wconf 86' lang='lat' dir='ltr'>igitur,</span> <span class='ocrx_word' id='word_1_61' title='bbox 662 1258 854 1322; x_wconf 89' lang='lat' dir='ltr'>quamquam</span> <span class='ocrx_word' id='word_1_62' title='bbox 876 1239 923 1304; x_wconf 84' lang='lat' dir='ltr'>vis</span> <span class='ocrx_word' id='word_1_63' title='bbox 947 1241 1054 1304; x_wconf 81' lang='lat' dir='ltr'>extera</span> <span class='ocrx_word' id='word_1_64' title='bbox 1075 1242 1195 1304; x_wconf 92' lang='lat' dir='ltr'>multos</span> 
     </span>
    </p>

    <p class='ocr_par' dir='ltr' id='par_1_4' title="bbox 274 1342 1007 1426">
     <span class='ocr_line' id='line_1_10' title="bbox 274 1342 1007 1426; baseline 0.001 -20"><span class='ocrx_word' id='word_1_65' title='bbox 274 1343 393 1425; x_wconf 80' lang='lat' dir='ltr'>„pellat</span> <span class='ocrx_word' id='word_1_66' title='bbox 416 1345 448 1406; x_wconf 90' lang='lat' dir='ltr'>et</span> <span class='ocrx_word' id='word_1_67' title='bbox 469 1342 587 1406; x_wconf 89' lang='lat' dir='ltr'>invitos</span> <span class='ocrx_word' id='word_1_68' title='bbox 609 1345 702 1424; x_wconf 87' lang='lat' dir='ltr'>cogat</span> <span class='ocrx_word' id='word_1_69' title='bbox 722 1342 893 1424; x_wconf 82' lang='lat' dir='ltr'>procedere</span> <span class='ocrx_word' id='word_1_70' title='bbox 915 1361 1007 1426; x_wconf 88' lang='lat' dir='ltr'>saepe</span> 
     </span>
    </p>

    <p class='ocr_par' dir='ltr' id='par_1_5' title="bbox 274 1444 1209 1528">
     <span class='ocr_line' id='line_1_11' title="bbox 274 1444 1209 1528; baseline 0.002 -21"><span class='ocrx_word' id='word_1_71' title='bbox 274 1444 546 1527; x_wconf 77' lang='lat' dir='ltr'>„praecipitesque</span> <span class='ocrx_word' id='word_1_72' title='bbox 569 1445 647 1527; x_wconf 86' lang='lat' dir='ltr'>rapi,</span> <span class='ocrx_word' id='word_1_73' title='bbox 671 1447 778 1508; x_wconf 87' lang='lat' dir='ltr'>tamen</span> <span class='ocrx_word' id='word_1_74' title='bbox 801 1463 870 1509; x_wconf 89' lang='lat' dir='ltr'>esse</span> <span class='ocrx_word' id='word_1_75' title='bbox 893 1446 927 1509; x_wconf 93' lang='lat' dir='ltr'>in</span> <span class='ocrx_word' id='word_1_76' title='bbox 950 1464 1077 1528; x_wconf 85' lang='lat' dir='ltr'>corpore</span> <span class='ocrx_word' id='word_1_77' title='bbox 1100 1447 1209 1509; x_wconf 83' lang='lat' dir='ltr'>nostro</span> 
     </span>
    </p>

    <p class='ocr_par' dir='ltr' id='par_1_6' title="bbox 188 1547 1315 3149">
     <span class='ocr_line' id='line_1_12' title="bbox 277 1547 1220 1630; baseline 0 -19"><span class='ocrx_word' id='word_1_78' title='bbox 277 1547 456 1629; x_wconf 80' lang='lat' dir='ltr'>„quiddam</span> <span class='ocrx_word' id='word_1_79' title='bbox 479 1547 563 1629; x_wconf 93' lang='lat' dir='ltr'>qnod</span> <span class='ocrx_word' id='word_1_80' title='bbox 585 1549 695 1611; x_wconf 87' lang='lat' dir='ltr'>contra</span> <span class='ocrx_word' id='word_1_81' title='bbox 715 1566 857 1629; x_wconf 85' lang='lat' dir='ltr'>pugnare</span> <span class='ocrx_word' id='word_1_82' title='bbox 881 1548 1068 1630; x_wconf 75' lang='lat' dir='ltr'>obstareque</span> <span class='ocrx_word' id='word_1_83' title='bbox 1089 1548 1220 1629; x_wconf 85' lang='lat' dir='ltr'>possit.“</span> 
     </span>
     <span class='ocr_line' id='line_1_13' title="bbox 188 1649 1312 1730; baseline 0.002 -18"><span class='ocrx_word' id='word_1_84' title='bbox 188 1650 256 1713; x_wconf 91' lang='lat' dir='ltr'>Hoc</span> <span class='ocrx_word' id='word_1_85' title='bbox 283 1651 352 1714; x_wconf 93' lang='lat' dir='ltr'>loco</span> <span class='ocrx_word' id='word_1_86' title='bbox 382 1650 565 1713; x_wconf 86' lang='lat' dir='ltr'>observasse</span> <span class='ocrx_word' id='word_1_87' title='bbox 593 1650 654 1714; x_wconf 88' lang='lat' dir='ltr'>sibi</span> <span class='ocrx_word' id='word_1_88' title='bbox 677 1649 764 1713; x_wconf 87' lang='lat' dir='ltr'>visus</span> <span class='ocrx_word' id='word_1_89' title='bbox 794 1652 843 1713; x_wconf 89' lang='lat' dir='ltr'>est</span> <span class='ocrx_word' id='word_1_90' title='bbox 865 1649 1015 1730; x_wconf 66' lang='lat' dir='ltr'>Woltjen</span> <span class='ocrx_word' id='word_1_91' title='bbox 1041 1650 1103 1714; x_wconf 90' lang='lat' dir='ltr'>sibi</span> <span class='ocrx_word' id='word_1_92' title='bbox 1125 1650 1312 1716; x_wconf 83' lang='lat' dir='ltr'>Lucretium</span> 
     </span>
     <span class='ocr_line' id='line_1_14' title="bbox 189 1752 1314 1829; baseline 0 -13"><span class='ocrx_word' id='word_1_93' title='bbox 189 1772 253 1816; x_wconf 91' lang='lat' dir='ltr'>non</span> <span class='ocrx_word' id='word_1_94' title='bbox 286 1755 431 1816; x_wconf 80' lang='lat' dir='ltr'>constare</span> <span class='ocrx_word' id='word_1_95' title='bbox 461 1752 496 1816; x_wconf 92' lang='lat' dir='ltr'>in</span> <span class='ocrx_word' id='word_1_96' title='bbox 530 1752 674 1816; x_wconf 87' lang='lat' dir='ltr'>doctrina</span> <span class='ocrx_word' id='word_1_97' title='bbox 708 1752 745 1816; x_wconf 88' lang='lat' dir='ltr'>de</span> <span class='ocrx_word' id='word_1_98' title='bbox 767 1752 917 1816; x_wconf 88' lang='lat' dir='ltr'>libertate</span> <span class='ocrx_word' id='word_1_99' title='bbox 947 1752 1143 1829; x_wconf 83' lang='lat' dir='ltr'>voluntatis,</span> <span class='ocrx_word' id='word_1_100' title='bbox 1176 1771 1249 1816; x_wconf 92' lang='lat' dir='ltr'>cnm</span> <span class='ocrx_word' id='word_1_101' title='bbox 1279 1753 1314 1816; x_wconf 89' lang='lat' dir='ltr'>in</span> 
     </span>
     <span class='ocr_line' id='line_1_15' title="bbox 188 1854 1312 1931; baseline 0.004 -14"><span class='ocrx_word' id='word_1_102' title='bbox 188 1855 270 1918; x_wconf 92' lang='lat' dir='ltr'>libro</span> <span class='ocrx_word' id='word_1_103' title='bbox 293 1854 337 1917; x_wconf 91' lang='lat' dir='ltr'>lV</span> <span class='ocrx_word' id='word_1_104' title='bbox 359 1855 557 1918; x_wconf 83' lang='lat' dir='ltr'>voluntatem</span> <span class='ocrx_word' id='word_1_105' title='bbox 580 1873 671 1920; x_wconf 88' lang='lat' dir='ltr'>snam</span> <span class='ocrx_word' id='word_1_106' title='bbox 692 1855 808 1919; x_wconf 88' lang='lat' dir='ltr'>habere</span> <span class='ocrx_word' id='word_1_107' title='bbox 831 1873 976 1931; x_wconf 84' lang='lat' dir='ltr'>cansam,</span> <span class='ocrx_word' id='word_1_108' title='bbox 1005 1856 1156 1919; x_wconf 89' lang='lat' dir='ltr'>hocloco</span> <span class='ocrx_word' id='word_1_109' title='bbox 1179 1874 1249 1920; x_wconf 92' lang='lat' dir='ltr'>eam</span> <span class='ocrx_word' id='word_1_110' title='bbox 1271 1856 1312 1921; x_wconf 91' lang='lat' dir='ltr'>li-</span> 
     </span>
     <span class='ocr_line' id='line_1_16' title="bbox 188 1955 1314 2039; baseline 0.003 -20"><span class='ocrx_word' id='word_1_111' title='bbox 188 1955 297 2020; x_wconf 88' lang='lat' dir='ltr'>beram</span> <span class='ocrx_word' id='word_1_112' title='bbox 320 1976 388 2021; x_wconf 86' lang='lat' dir='ltr'>esse</span> <span class='ocrx_word' id='word_1_113' title='bbox 411 1956 547 2021; x_wconf 89' lang='lat' dir='ltr'>doceret.</span> <span class='ocrx_word' id='word_1_114' title='bbox 599 1956 654 2034; x_wconf 84' lang='lat' dir='ltr'>„si</span> <span class='ocrx_word' id='word_1_115' title='bbox 677 1960 787 2021; x_wconf 90' lang='lat' dir='ltr'>contra</span> <span class='ocrx_word' id='word_1_116' title='bbox 807 1976 950 2039; x_wconf 85' lang='lat' dir='ltr'>pugnare</span> <span class='ocrx_word' id='word_1_117' title='bbox 974 1958 1162 2038; x_wconf 87' lang='lat' dir='ltr'>obstareque</span> <span class='ocrx_word' id='word_1_118' title='bbox 1190 1959 1259 2022; x_wconf 87' lang='lat' dir='ltr'>volo</span> <span class='ocrx_word' id='word_1_119' title='bbox 1283 1960 1314 2022; x_wconf 86' lang='lat' dir='ltr'>vi</span> 
     </span>
     <span class='ocr_line' id='line_1_17' title="bbox 190 2059 1312 2142; baseline 0.004 -20"><span class='ocrx_word' id='word_1_120' title='bbox 190 2059 324 2123; x_wconf 84' lang='lat' dir='ltr'>extimae</span> <span class='ocrx_word' id='word_1_121' title='bbox 355 2077 434 2140; x_wconf 89' lang='lat' dir='ltr'>qnae</span> <span class='ocrx_word' id='word_1_122' title='bbox 463 2079 513 2122; x_wconf 90' lang='lat' dir='ltr'>me</span> <span class='ocrx_word' id='word_1_123' title='bbox 535 2060 699 2142; x_wconf 84' lang='lat' dir='ltr'>propellit,</span> <span class='ocrx_word' id='word_1_124' title='bbox 731 2061 869 2142; x_wconf 90' lang='lat' dir='ltr'>primum</span> <span class='ocrx_word' id='word_1_125' title='bbox 892 2061 1063 2124; x_wconf 90' lang='lat' dir='ltr'>simulacra</span> <span class='ocrx_word' id='word_1_126' title='bbox 1085 2061 1255 2126; x_wconf 87' lang='lat' dir='ltr'>resistendi</span> <span class='ocrx_word' id='word_1_127' title='bbox 1279 2062 1312 2126; x_wconf 92' lang='lat' dir='ltr'>in</span> 
     </span>
     <span class='ocr_line' id='line_1_18' title="bbox 189 2163 1315 2244; baseline 0.003 -19"><span class='ocrx_word' id='word_1_128' title='bbox 189 2163 331 2226; x_wconf 91' lang='lat' dir='ltr'>animum</span> <span class='ocrx_word' id='word_1_129' title='bbox 355 2182 461 2226; x_wconf 88' lang='lat' dir='ltr'>meum</span> <span class='ocrx_word' id='word_1_130' title='bbox 488 2164 655 2244; x_wconf 89' lang='lat' dir='ltr'>penetrare</span> <span class='ocrx_word' id='word_1_131' title='bbox 686 2163 818 2239; x_wconf 78' lang='lat' dir='ltr'>debent,</span> <span class='ocrx_word' id='word_1_132' title='bbox 843 2180 922 2244; x_wconf 90' lang='lat' dir='ltr'>quae</span> <span class='ocrx_word' id='word_1_133' title='bbox 944 2164 1143 2227; x_wconf 84' lang='lat' dir='ltr'>voluntatem</span> <span class='ocrx_word' id='word_1_134' title='bbox 1166 2164 1315 2228; x_wconf 91' lang='lat' dir='ltr'>obstandi</span> 
     </span>
     <span class='ocr_line' id='line_1_19' title="bbox 189 2265 1313 2347; baseline 0.003 -19"><span class='ocrx_word' id='word_1_135' title='bbox 189 2265 356 2329; x_wconf 83' lang='lat' dir='ltr'>excitent.“</span> <span class='ocrx_word' id='word_1_136' title='bbox 407 2265 518 2347; x_wconf 88' lang='lat' dir='ltr'>Nuper</span> <span class='ocrx_word' id='word_1_137' title='bbox 551 2266 635 2328; x_wconf 91' lang='lat' dir='ltr'>hauc</span> <span class='ocrx_word' id='word_1_138' title='bbox 669 2266 861 2329; x_wconf 88' lang='lat' dir='ltr'>sententiam</span> <span class='ocrx_word' id='word_1_139' title='bbox 885 2266 1086 2347; x_wconf 85' lang='lat' dir='ltr'>impugnavit</span> <span class='ocrx_word' id='word_1_140' title='bbox 1108 2267 1313 2332; x_wconf 86' lang='lat' dir='ltr'>Lehmannus</span> 
     </span>
     <span class='ocr_line' id='line_1_20' title="bbox 190 2368 1312 2452; baseline 0.004 -22"><span class='ocrx_word' id='word_1_141' title='bbox 190 2368 433 2444; x_wconf 77' lang='lat' dir='ltr'>(Quaestionum</span> <span class='ocrx_word' id='word_1_142' title='bbox 464 2368 727 2431; x_wconf 61' lang='lat' dir='ltr'>lincretianarnm</span> <span class='ocrx_word' id='word_1_143' title='bbox 757 2369 862 2449; x_wconf 88' lang='lat' dir='ltr'>capita</span> <span class='ocrx_word' id='word_1_144' title='bbox 895 2368 965 2432; x_wconf 93' lang='lat' dir='ltr'>dno.</span> <span class='ocrx_word' id='word_1_145' title='bbox 1020 2368 1125 2433; x_wconf 87' lang='lat' dir='ltr'>Berol.</span> <span class='ocrx_word' id='word_1_146' title='bbox 1156 2369 1238 2432; x_wconf 83' lang='grc'>1882</span> <span class='ocrx_word' id='word_1_147' title='bbox 1259 2390 1312 2452; x_wconf 85' lang='lat' dir='ltr'>pg.</span> 
     </span>
     <span class='ocr_line' id='line_1_21' title="bbox 191 2468 1312 2550; baseline 0.004 -18"><span class='ocrx_word' id='word_1_148' title='bbox 191 2469 231 2532; x_wconf 83' lang='lat'>50</span> <span class='ocrx_word' id='word_1_149' title='bbox 256 2470 315 2550; x_wconf 82' lang='lat' dir='ltr'>sq.)</span> <span class='ocrx_word' id='word_1_150' title='bbox 368 2468 428 2534; x_wconf 85' lang='lat' dir='ltr'>Sed</span> <span class='ocrx_word' id='word_1_151' title='bbox 456 2489 530 2534; x_wconf 94' lang='lat' dir='ltr'>cum</span> <span class='ocrx_word' id='word_1_152' title='bbox 552 2468 746 2550; x_wconf 91' lang='lat' dir='ltr'>Woltjerum</span> <span class='ocrx_word' id='word_1_153' title='bbox 776 2488 897 2534; x_wconf 89' lang='lat' dir='ltr'>errasse</span> <span class='ocrx_word' id='word_1_154' title='bbox 920 2471 1136 2535; x_wconf 88' lang='lat' dir='ltr'>demonstrare</span> <span class='ocrx_word' id='word_1_155' title='bbox 1160 2472 1312 2549; x_wconf 81' lang='lat' dir='ltr'>studeret,</span> 
     </span>
     <span class='ocr_line' id='line_1_22' title="bbox 189 2572 1313 2655; baseline 0.004 -21"><span class='ocrx_word' id='word_1_156' title='bbox 189 2572 271 2636; x_wconf 92' lang='lat' dir='ltr'>mihi</span> <span class='ocrx_word' id='word_1_157' title='bbox 294 2590 383 2635; x_wconf 90' lang='lat' dir='ltr'>snam</span> <span class='ocrx_word' id='word_1_158' title='bbox 407 2573 601 2637; x_wconf 91' lang='lat' dir='ltr'>sententiam</span> <span class='ocrx_word' id='word_1_159' title='bbox 616 2591 679 2637; x_wconf 92' lang='lat' dir='ltr'>non</span> <span class='ocrx_word' id='word_1_160' title='bbox 694 2573 849 2654; x_wconf 87' lang='lat' dir='ltr'>probavit.</span> <span class='ocrx_word' id='word_1_161' title='bbox 893 2572 1114 2655; x_wconf 79' lang='lat' dir='ltr'>Maximosque</span> <span class='ocrx_word' id='word_1_162' title='bbox 1135 2573 1204 2637; x_wconf 91' lang='lat' dir='ltr'>eins</span> <span class='ocrx_word' id='word_1_163' title='bbox 1227 2593 1313 2639; x_wconf 90' lang='lat' dir='ltr'>error</span> 
     </span>
     <span class='ocr_line' id='line_1_23' title="bbox 189 2674 1313 2757; baseline 0.005 -21"><span class='ocrx_word' id='word_1_164' title='bbox 189 2675 216 2736; x_wconf 88' lang='lat' dir='ltr'>is</span> <span class='ocrx_word' id='word_1_165' title='bbox 239 2674 365 2738; x_wconf 88' lang='lat' dir='ltr'>videtur</span> <span class='ocrx_word' id='word_1_166' title='bbox 393 2694 475 2752; x_wconf 78' lang='lat' dir='ltr'>esse,</span> <span class='ocrx_word' id='word_1_167' title='bbox 498 2676 581 2757; x_wconf 92' lang='lat' dir='ltr'>quod</span> <span class='ocrx_word' id='word_1_168' title='bbox 597 2675 631 2739; x_wconf 91' lang='lat' dir='ltr'>in</span> <span class='ocrx_word' id='word_1_169' title='bbox 654 2675 734 2739; x_wconf 90' lang='lat' dir='ltr'>libro</span> <span class='ocrx_word' id='word_1_170' title='bbox 763 2678 876 2757; x_wconf 90' lang='lat' dir='ltr'>quarto</span> <span class='ocrx_word' id='word_1_171' title='bbox 899 2675 936 2739; x_wconf 89' lang='lat' dir='ltr'>dc</span> <span class='ocrx_word' id='word_1_172' title='bbox 959 2675 1107 2740; x_wconf 89' lang='lat' dir='ltr'>libertate</span> <span class='ocrx_word' id='word_1_173' title='bbox 1136 2677 1313 2742; x_wconf 82' lang='lat' dir='ltr'>voluntatis</span> 
     </span>
     <span class='ocr_line' id='line_1_24' title="bbox 190 2775 1313 2867; baseline 0.004 -28"><span class='ocrx_word' id='word_1_174' title='bbox 190 2775 367 2839; x_wconf 90' lang='lat' dir='ltr'>doctrinam</span> <span class='ocrx_word' id='word_1_175' title='bbox 383 2778 472 2858; x_wconf 86' lang='lat' dir='ltr'>tangi</span> <span class='ocrx_word' id='word_1_176' title='bbox 487 2780 592 2867; x_wconf 84' lang='lat' dir='ltr'>negat.</span> <span class='ocrx_word' id='word_1_177' title='bbox 636 2777 767 2860; x_wconf 84' lang='lat' dir='ltr'>„Neque</span> <span class='ocrx_word' id='word_1_178' title='bbox 783 2777 868 2842; x_wconf 88' lang='lat' dir='ltr'>enim</span> <span class='ocrx_word' id='word_1_179' title='bbox 883 2777 1057 2859; x_wconf 86' lang='lat' dir='ltr'>quaeritur,</span> <span class='ocrx_word' id='word_1_180' title='bbox 1072 2778 1188 2860; x_wconf 86' lang='lat' dir='ltr'>inquit.</span> <span class='ocrx_word' id='word_1_181' title='bbox 1203 2782 1313 2844; x_wconf 90' lang='lat' dir='ltr'>utrum</span> 
     </span>
     <span class='ocr_line' id='line_1_25' title="bbox 190 2877 1313 2963; baseline 0.005 -23"><span class='ocrx_word' id='word_1_182' title='bbox 190 2877 369 2944; x_wconf 87' lang='lat' dir='ltr'>simulacris</span> <span class='ocrx_word' id='word_1_183' title='bbox 393 2898 543 2960; x_wconf 85' lang='lat' dir='ltr'>cogamur</span> <span class='ocrx_word' id='word_1_184' title='bbox 564 2879 610 2943; x_wconf 88' lang='lat' dir='ltr'>ire</span> <span class='ocrx_word' id='word_1_185' title='bbox 626 2898 666 2944; x_wconf 87' lang='lat' dir='ltr'>an</span> <span class='ocrx_word' id='word_1_186' title='bbox 682 2879 728 2944; x_wconf 87' lang='lat' dir='ltr'>eis</span> <span class='ocrx_word' id='word_1_187' title='bbox 749 2879 909 2961; x_wconf 88' lang='lat' dir='ltr'>possimus</span> <span class='ocrx_word' id='word_1_188' title='bbox 924 2880 1082 2958; x_wconf 74' lang='lat' dir='ltr'>resistere,</span> <span class='ocrx_word' id='word_1_189' title='bbox 1106 2881 1161 2945; x_wconf 86' lang='lat' dir='ltr'>sed</span> <span class='ocrx_word' id='word_1_190' title='bbox 1182 2881 1313 2963; x_wconf 85' lang='lat' dir='ltr'>ponitur</span> 
     </span>
     <span class='ocr_line' id='line_1_26' title="bbox 189 2981 1311 3066; baseline 0.004 -23"><span class='ocrx_word' id='word_1_191' title='bbox 189 2999 247 3045; x_wconf 87' lang='lat' dir='ltr'>nos</span> <span class='ocrx_word' id='word_1_192' title='bbox 270 2983 350 3046; x_wconf 87' lang='lat' dir='ltr'>velle</span> <span class='ocrx_word' id='word_1_193' title='bbox 373 2983 434 3055; x_wconf 72' lang='lat' dir='ltr'>irer</span> <span class='ocrx_word' id='word_1_194' title='bbox 458 2982 495 3046; x_wconf 91' lang='lat' dir='ltr'>de</span> <span class='ocrx_word' id='word_1_195' title='bbox 510 2983 632 3047; x_wconf 90' lang='lat' dir='ltr'>ratione</span> <span class='ocrx_word' id='word_1_196' title='bbox 648 2983 748 3064; x_wconf 84' lang='lat' dir='ltr'>igitur</span> <span class='ocrx_word' id='word_1_197' title='bbox 766 2982 831 3046; x_wconf 86' lang='lat' dir='ltr'>sive</span> <span class='ocrx_word' id='word_1_198' title='bbox 854 2982 892 3046; x_wconf 92' lang='lat' dir='ltr'>de</span> <span class='ocrx_word' id='word_1_199' title='bbox 915 2981 1068 3047; x_wconf 83' lang='lat' dir='ltr'>facultate</span> <span class='ocrx_word' id='word_1_200' title='bbox 1091 2984 1218 3048; x_wconf 89' lang='lat' dir='ltr'>meandi</span> <span class='ocrx_word' id='word_1_201' title='bbox 1242 2985 1311 3066; x_wconf 87' lang='lat' dir='ltr'>agi-</span> 
     </span>
     <span class='ocr_line' id='line_1_27' title="bbox 190 3084 788 3149; baseline 0.003 -3"><span class='ocrx_word' id='word_1_202' title='bbox 190 3084 273 3148; x_wconf 87' lang='lat' dir='ltr'>tur.“</span> <span class='ocrx_word' id='word_1_203' title='bbox 319 3084 460 3149; x_wconf 89' lang='lat' dir='ltr'>Lucretii</span> <span class='ocrx_word' id='word_1_204' title='bbox 482 3085 577 3148; x_wconf 85' lang='lat' dir='ltr'>verba</span> <span class='ocrx_word' id='word_1_205' title='bbox 599 3088 676 3149; x_wconf 89' lang='lat' dir='ltr'>sunt</span> <span class='ocrx_word' id='word_1_206' title='bbox 696 3087 788 3149; x_wconf 89' lang='lat' dir='ltr'>hacc:</span> 
     </span>
    </p>

    <p class='ocr_par' dir='ltr' id='par_1_7' title="bbox 274 3186 1080 3270">
     <span class='ocr_line' id='line_1_28' title="bbox 274 3186 1080 3270; baseline -0.001 -19"><span class='ocrx_word' id='word_1_207' title='bbox 274 3207 380 3263; x_wconf 88' lang='lat' dir='ltr'>„nnnc</span> <span class='ocrx_word' id='word_1_208' title='bbox 402 3188 458 3270; x_wconf 90' lang='lat' dir='ltr'>qui</span> <span class='ocrx_word' id='word_1_209' title='bbox 479 3187 536 3252; x_wconf 88' lang='lat' dir='ltr'>fiat</span> <span class='ocrx_word' id='word_1_210' title='bbox 556 3188 606 3253; x_wconf 91' lang='lat' dir='ltr'>uti</span> <span class='ocrx_word' id='word_1_211' title='bbox 628 3206 741 3270; x_wconf 91' lang='lat' dir='ltr'>passus</span> <span class='ocrx_word' id='word_1_212' title='bbox 763 3186 903 3270; x_wconf 83' lang='lat' dir='ltr'>proferre</span> <span class='ocrx_word' id='word_1_213' title='bbox 925 3205 1080 3269; x_wconf 87' lang='lat' dir='ltr'>queamus</span> 
     </span>
    </p>

    <p class='ocr_par' dir='ltr' id='par_1_8' title="bbox 274 3289 1224 3373">
     <span class='ocr_line' id='line_1_29' title="bbox 274 3289 1224 3373; baseline 0.001 -19"><span class='ocrx_word' id='word_1_214' title='bbox 274 3309 365 3366; x_wconf 89' lang='lat' dir='ltr'>„oum</span> <span class='ocrx_word' id='word_1_215' title='bbox 388 3293 535 3356; x_wconf 88' lang='lat' dir='ltr'>volumus</span> <span class='ocrx_word' id='word_1_216' title='bbox 558 3291 706 3373; x_wconf 87' lang='lat' dir='ltr'>varieque</span> <span class='ocrx_word' id='word_1_217' title='bbox 729 3290 839 3353; x_wconf 90' lang='lat' dir='ltr'>datum</span> <span class='ocrx_word' id='word_1_218' title='bbox 862 3290 905 3353; x_wconf 90' lang='lat' dir='ltr'>sit</span> <span class='ocrx_word' id='word_1_219' title='bbox 927 3289 1069 3354; x_wconf 85' lang='lat' dir='ltr'>membra</span> <span class='ocrx_word' id='word_1_220' title='bbox 1091 3309 1224 3368; x_wconf 78' lang='lat' dir='ltr'>movere,</span> 
     </span>
    </p>

    <p class='ocr_par' dir='ltr' id='par_1_9' title="bbox 276 3392 1196 3474">
     <span class='ocr_line' id='line_1_30' title="bbox 276 3392 1196 3474; baseline 0 -18"><span class='ocrx_word' id='word_1_221' title='bbox 276 3397 328 3468; x_wconf 84' lang='lat' dir='ltr'>„el</span> <span class='ocrx_word' id='word_1_222' title='bbox 350 3412 431 3474; x_wconf 88' lang='lat' dir='ltr'>quae</span> <span class='ocrx_word' id='word_1_223' title='bbox 453 3412 503 3458; x_wconf 88' lang='lat' dir='ltr'>res</span> <span class='ocrx_word' id='word_1_224' title='bbox 527 3396 653 3457; x_wconf 84' lang='lat' dir='ltr'>tantum</span> <span class='ocrx_word' id='word_1_225' title='bbox 675 3395 735 3456; x_wconf 90' lang='lat' dir='ltr'>hoc</span> <span class='ocrx_word' id='word_1_226' title='bbox 758 3392 862 3457; x_wconf 91' lang='lat' dir='ltr'>oneris</span> <span class='ocrx_word' id='word_1_227' title='bbox 885 3392 1072 3474; x_wconf 86' lang='lat' dir='ltr'>protrudere</span> <span class='ocrx_word' id='word_1_228' title='bbox 1093 3393 1196 3456; x_wconf 90' lang='lat' dir='ltr'>nostri</span> 
     </span>
    </p>

    <p class='ocr_par' dir='ltr' id='par_1_10' title="bbox 189 3495 1314 4179">
     <span class='ocr_line' id='line_1_31' title="bbox 274 3495 800 3577; baseline 0 -19"><span class='ocrx_word' id='word_1_229' title='bbox 274 3497 434 3577; x_wconf 86' lang='lat' dir='ltr'>„corporis</span> <span class='ocrx_word' id='word_1_230' title='bbox 457 3495 594 3560; x_wconf 87' lang='lat' dir='ltr'>insuerit</span> <span class='ocrx_word' id='word_1_231' title='bbox 615 3496 770 3576; x_wconf 87' lang='lat' dir='ltr'>dicam-</span> <span class='ocrx_word' id='word_1_232' title='bbox 783 3498 800 3529; x_wconf 91' lang='grc'>“</span> 
     </span>
     <span class='ocr_line' id='line_1_32' title="bbox 192 3595 1311 3675; baseline 0.001 -15"><span class='ocrx_word' id='word_1_233' title='bbox 192 3595 435 3663; x_wconf 76' lang='lat' dir='ltr'>concedendum</span> <span class='ocrx_word' id='word_1_234' title='bbox 460 3617 535 3663; x_wconf 87' lang='lat' dir='ltr'>sanc</span> <span class='ocrx_word' id='word_1_235' title='bbox 559 3602 608 3663; x_wconf 88' lang='lat' dir='ltr'>est</span> <span class='ocrx_word' id='word_1_236' title='bbox 630 3598 832 3675; x_wconf 87' lang='lat' dir='ltr'>Lohmanno,</span> <span class='ocrx_word' id='word_1_237' title='bbox 861 3596 1046 3661; x_wconf 89' lang='lat' dir='ltr'>Lucretium</span> <span class='ocrx_word' id='word_1_238' title='bbox 1069 3597 1104 3660; x_wconf 91' lang='lat' dir='ltr'>in</span> <span class='ocrx_word' id='word_1_239' title='bbox 1126 3597 1311 3662; x_wconf 73' lang='lat' dir='ltr'>animo-ha-</span> 
     </span>
     <span class='ocr_line' id='line_1_33' title="bbox 189 3699 1311 3784; baseline 0.001 -22"><span class='ocrx_word' id='word_1_240' title='bbox 189 3699 262 3764; x_wconf 89' lang='lat' dir='ltr'>bere</span> <span class='ocrx_word' id='word_1_241' title='bbox 285 3701 450 3782; x_wconf 84' lang='lat' dir='ltr'>explicare,</span> <span class='ocrx_word' id='word_1_242' title='bbox 473 3701 637 3784; x_wconf 85' lang='lat' dir='ltr'>quomodo,</span> <span class='ocrx_word' id='word_1_243' title='bbox 661 3701 737 3782; x_wconf 93' lang='lat' dir='ltr'>qnid</span> <span class='ocrx_word' id='word_1_244' title='bbox 751 3700 831 3763; x_wconf 83' lang='lat' dir='ltr'>velit</span> <span class='ocrx_word' id='word_1_245' title='bbox 844 3700 980 3776; x_wconf 74' lang='lat' dir='ltr'>animus,</span> <span class='ocrx_word' id='word_1_246' title='bbox 999 3717 1127 3782; x_wconf 85' lang='lat' dir='ltr'>corpore</span> <span class='ocrx_word' id='word_1_247' title='bbox 1143 3699 1311 3764; x_wconf 86' lang='lat' dir='ltr'>efficiatur.</span> 
     </span>
     <span class='ocr_line' id='line_1_34' title="bbox 189 3793 1314 3885; baseline -0.001 -19"><span class='ocrx_word' id='word_1_248' title='bbox 189 3802 296 3884; x_wconf 87' lang='lat' dir='ltr'>Atque</span> <span class='ocrx_word' id='word_1_249' title='bbox 319 3806 356 3867; x_wconf 91' lang='lat' dir='ltr'>ut</span> <span class='ocrx_word' id='word_1_250' title='bbox 377 3808 542 3885; x_wconf 87' lang='lat' dir='ltr'>poctarum</span> <span class='ocrx_word' id='word_1_251' title='bbox 564 3823 631 3870; x_wconf 87' lang='lat' dir='ltr'>mos</span> <span class='ocrx_word' id='word_1_252' title='bbox 655 3807 713 3881; x_wconf 80' lang='lat' dir='ltr'>est,</span> <span class='ocrx_word' id='word_1_253' title='bbox 735 3805 833 3869; x_wconf 88' lang='lat' dir='ltr'>huius</span> <span class='ocrx_word' id='word_1_254' title='bbox 855 3802 901 3866; x_wconf 93' lang='lat' dir='ltr'>rei</span> <span class='ocrx_word' id='word_1_255' title='bbox 924 3802 1046 3866; x_wconf 88' lang='lat' dir='ltr'>ratione</span> <span class='ocrx_word' id='word_1_256' title='bbox 1063 3803 1187 3879; x_wconf 81' lang='lat' dir='ltr'>omissa,</span> <span class='ocrx_word' id='word_1_257' title='bbox 1210 3793 1314 3883; x_wconf 64' lang='lat' dir='ltr'>illm</span> 
     </span>
     <span class='ocr_line' id='line_1_35' title="bbox 189 3905 1312 3989; baseline -0.001 -21"><span class='ocrx_word' id='word_1_258' title='bbox 189 3924 257 3968; x_wconf 90' lang='lat' dir='ltr'>rem</span> <span class='ocrx_word' id='word_1_259' title='bbox 280 3906 424 3970; x_wconf 86' lang='lat' dir='ltr'>illustrat</span> <span class='ocrx_word' id='word_1_260' title='bbox 446 3909 602 3989; x_wconf 85' lang='lat' dir='ltr'>exemplo:</span> <span class='ocrx_word' id='word_1_261' title='bbox 626 3907 762 3972; x_wconf 89' lang='lat' dir='ltr'>meandi.</span> <span class='ocrx_word' id='word_1_262' title='bbox 817 3907 1000 3987; x_wconf 84' lang='lat' dir='ltr'>Antequam</span> <span class='ocrx_word' id='word_1_263' title='bbox 1023 3908 1129 3969; x_wconf 90' lang='lat' dir='ltr'>autem</span> <span class='ocrx_word' id='word_1_264' title='bbox 1152 3905 1312 3969; x_wconf 91' lang='lat' dir='ltr'>incessum</span> 
     </span>
     <span class='ocr_line' id='line_1_36' title="bbox 190 4007 1311 4091; baseline -0.001 -21"><span class='ocrx_word' id='word_1_265' title='bbox 190 4007 357 4085; x_wconf 75' lang='lat' dir='ltr'>describat,</span> <span class='ocrx_word' id='word_1_266' title='bbox 380 4028 477 4090; x_wconf 89' lang='lat' dir='ltr'>qnare</span> <span class='ocrx_word' id='word_1_267' title='bbox 500 4010 668 4076; x_wconf 87' lang='lat' dir='ltr'>incedendi</span> <span class='ocrx_word' id='word_1_268' title='bbox 690 4010 837 4073; x_wconf 87' lang='lat' dir='ltr'>voluntas</span> <span class='ocrx_word' id='word_1_269' title='bbox 860 4008 945 4091; x_wconf 77' lang='lat' dir='ltr'>(enm</span> <span class='ocrx_word' id='word_1_270' title='bbox 968 4009 1127 4090; x_wconf 89' lang='lat' dir='ltr'>volumus)</span> <span class='ocrx_word' id='word_1_271' title='bbox 1149 4008 1184 4071; x_wconf 91' lang='lat' dir='ltr'>in</span> <span class='ocrx_word' id='word_1_272' title='bbox 1206 4007 1311 4071; x_wconf 91' lang='lat' dir='ltr'>animo</span> 
     </span>
     <span class='ocr_line' id='line_1_37' title="bbox 190 4111 440 4179; baseline 0.008 -3"><span class='ocrx_word' id='word_1_273' title='bbox 190 4111 311 4176; x_wconf 83' lang='lat' dir='ltr'>oriatur</span> <span class='ocrx_word' id='word_1_274' title='bbox 333 4111 440 4179; x_wconf 81' lang='lat' dir='ltr'>docet:</span> 
     </span>
    </p>

    <p class='ocr_par' dir='ltr' id='par_1_11' title="bbox 275 4211 1127 4298">
     <span class='ocr_line' id='line_1_38' title="bbox 275 4211 1127 4298; baseline -0.006 -19"><span class='ocrx_word' id='word_1_275' title='bbox 275 4215 364 4294; x_wconf 82' lang='lat' dir='ltr'>„dico</span> <span class='ocrx_word' id='word_1_276' title='bbox 388 4215 492 4280; x_wconf 90' lang='lat' dir='ltr'>animo</span> <span class='ocrx_word' id='word_1_277' title='bbox 515 4217 624 4279; x_wconf 90' lang='lat' dir='ltr'>nostro</span> <span class='ocrx_word' id='word_1_278' title='bbox 646 4215 785 4298; x_wconf 90' lang='lat' dir='ltr'>primum</span> <span class='ocrx_word' id='word_1_279' title='bbox 808 4215 980 4279; x_wconf 87' lang='lat' dir='ltr'>simulacra</span> <span class='ocrx_word' id='word_1_280' title='bbox 1001 4211 1127 4276; x_wconf 87' lang='lat' dir='ltr'>meandi</span> 
     </span>
    </p>
   </div>
   <div class='ocr_carea' id='block_1_3' title="bbox 0 0 1498 4718">
    <p class='ocr_par' dir='ltr' id='par_1_12' title="bbox 0 0 1498 4718">
     <span class='ocr_line' id='line_1_39' title="bbox 0 0 1498 4718; baseline 0 0"><span class='ocrx_word' id='word_1_281' title='bbox 0 0 1498 4718; x_wconf 95' lang='lat' dir='ltr'> </span> 
     </span>
    </p>
   </div>
  </div>
 </body>
</html>
