2978 4718
526 1485 649 1559 Caput
672 1485 849 1563 primurn.

230 1633 276 1712 lle
301 1637 427 1735 quarte
453 1633 587 1712 tulnae
613 1636 733 1734 perte,
758 1654 847 1732 qnae
874 1627 1011 1708 nemine
1038 1632 1148 1707 voest.

219 1841 399 1952 Lucretius
422 1907 495 1952 curn
514 1887 547 1950 id
570 1885 772 1969 potissimum
798 1885 860 1950 sibi
881 1884 1108 1968 proposuisset,
1131 1887 1169 1948 ut
1190 1883 1250 1948 ho·

127 1989 250 2053 minum
273 1989 395 2053 animos
414 2007 433 2052 a
454 1989 567 2053 mortis
589 1988 758 2053 formidine
773 1989 934 2066 liberaret,
956 1987 1103 2054 omnibus
1127 1987 1248 2050 viribus

126 2091 235 2156 enisus
257 2109 326 2156 esse
349 2109 520 2174 omnesque
542 2092 669 2156 videtur
690 2091 891 2156 contendisse
913 2109 1035 2169 nervos,
1058 2092 1097 2154 ut
1117 2089 1156 2153 de
1179 2089 1249 2152 ani-

126 2211 194 2258 mae
217 2197 333 2258 nature
366 2193 511 2258 doctrina
533 2193 683 2258 Memmio
704 2194 907 2276 probaretur,
939 2212 1002 2276 qua
1030 2191 1114 2258 effici
1136 2191 1249 2268 voluit,

126 2297 248 2361 animas
271 2315 339 2361 esse
363 2297 512 2361 mortales
547 2299 744 2378 mortemque
768 2315 837 2361 esse
864 2297 1034 2360 interitum
1057 2294 1164 2359 omnia
1185 2295 1248 2357 tol-

125 2400 245 2463 lentem
267 2401 362 2480 atque
385 2399 651 2480 exstinguentem.
702 2399 790 2463 Haec
821 2399 920 2463 totius
943 2398 1074 2480 llpicuri
1095 2396 1247 2478 physicae

125 2499 287 2565 doctrinae
309 2521 434 2566 summa
456 2502 537 2566 libro
560 2501 655 2566 tertio
677 2501 820 2582 exposita
835 2505 893 2567 est.
939 2501 977 2564 In
999 2520 1036 2564 eo
1059 2517 1168 2563 omnes
1192 2499 1249 2580 qui

125 2603 266 2667 Lucretii
288 2603 379 2668 libris
403 2624 529 2686 operam
549 2607 709 2668 naverunt
730 2604 946 2681 consentiunt,
969 2607 1007 2668 ut
1029 2621 1102 2667 eum
1118 2600 1249 2683 Epicuri

124 2704 350 2770 fidelissimum
372 2709 581 2788 interpretem
596 2725 665 2771 esse
680 2707 807 2771 dicent:
830 2706 1034 2789 quemobrem
1052 2703 1249 2769 nullomodo

124 2805 304 2887 discipulus
339 2809 486 2888 magistri
514 2809 690 2872 doctrinam
719 2809 893 2873 mutavisse
923 2811 1069 2890 putatur,
1101 2807 1140 2870 ad
1170 2806 1247 2869 illn-

125 2907 318 2989 strandam¹)
341 2912 448 2973 autem
469 2909 703 2992 philosophiam
725 2911 884 2975 addiderit
910 2911 1064 2993 quaedum
1086 2927 1187 2973 necne
1210 2907 1248 2972 de

123 3028 160 3073 eo
183 3010 345 3092 disputare
367 3016 481 3093 potest.
525 3011 646 3078 lterum
668 3013 848 3096 iterumque
871 3014 1099 3080 Lucretianum
1121 3029 1249 3075 carmen

122 3106 358 3192 legentem'me
380 3115 475 3179 multi
498 3115 560 3180 loci
575 3114 791 3194 offenderunt,
815 3117 931 3199 quibus
950 3114 1132 3198 philosophi
1155 3114 1250 3178 verbe

229 3335 248 3400 ¹)
267 3335 415 3389 Relreeker.
451 3335 621 3398 Quaestiones
639 3337 817 3390 Lucretianae.
852 3338 928 3389 Bonn
947 3337 1014 3390 retr
1032 3355 1074 3404 pg.
1087 3337 1128 3393 37.
1147 3338 1247 3401 „diver-

122 3420 187 3470 rlter
206 3435 273 3486 qnee
291 3423 357 3473 iuter
372 3423 523 3488 magistrum
541 3431 567 3474 et
584 3425 736 3491 discipulum
755 3425 890 3476 intercedit
906 3439 958 3474 nen
976 3431 1028 3474 tem
1053 3425 1079 3474 in
1097 3424 1153 3490 ipse
1172 3440 1247 3489 ergn-

121 3512 210 3557 mento
228 3521 305 3572 quem
323 3507 350 3558 in
367 3508 422 3559 eius
439 3509 589 3560 secutione
607 3517 645 3560 ert
662 3512 826 3576 conspicuum.
862 3509 957 3561 lenel.
992 3507 1201 3576 unlttludmttptn
1219 3523 1247 3576 pt

123 3585 234 3642 (δίεπε
252 3589 454 3658 pilloleplplfdrct
474 3591 600 3660 &dritten
619 3595 631 3645 l
650 3611 692 3664 με.
704 3597 746 3658 98,
765 3595 854 3650 tium:
884 3591 964 3658 „iilos
982 3592 1023 3660 ild)
1041 3595 1078 3648 tel
1091 3595 1188 3646 Locren
1206 3592 1247 3646 olt

121 3670 246 3742 villerot
264 3673 335 3740 loten
354 3677 412 3745 tter,
432 3681 477 3732 ort
495 3678 595 3746 tetdttt
613 3678 674 3746 nteit
692 3684 734 3735 teo
752 3679 827 3743 ttrtn,
850 3678 952 3743 iontem
971 3680 1007 3734 tle
1024 3677 1109 3744 gorm,
1128 3680 1163 3734 tle
1181 3677 1247 3734 ears

122 3757 225 3828 trunca
245 3763 285 3814 tet
302 3757 371 3828 tetre
396 3765 446 3818 ont
469 3761 525 3830 rtur
547 3765 641 3833 pendit
658 3768 710 3820 too
727 3765 839 3832 erote,
864 3766 926 3831 nldtt
950 3770 1000 3821 tem
1020 3765 1188 3833 ⁸illicientem
1206 3779 1247 3832 ptr

121 3843 200 3910 seor
235 3847 368 3902 Bindsell:
397 3849 567 3913 Quaestione·
585 3853 761 3905 Lucretianee.
798 3855 911 3905 Anclem
936 3853 1003 3906 1867
1028 3870 1070 3920 pg.
1096 3855 1139 3906 29:
1170 3853 1248 3913 „illae

121 3932 292 3996 diversitates,
311 3949 377 4000 quoe
396 3953 428 3988 ex
446 3937 503 4003 ipss
514 3937 627 3989 Lucretii
644 3945 737 3991 netum
755 3947 781 3990 et
797 3939 883 3990 indole
901 3940 974 4006 qnasi
986 3955 1033 3991 ene
1054 3945 1145 4005 sponte
1157 3953 1246 3989 mens·

120 4027 221 4080 verunt,
240 4035 323 4086 neque
341 4023 453 4089 probent
469 4025 605 4075 eonsilium
623 4023 704 4076 luisse
720 4025 844 4088 Lucretii,
865 4032 893 4076 nt
911 4025 1013 4092 Epicuri
1032 4026 1172 4075 doctrinam
1191 4039 1247 4073 cor·

119 4104 225 4169 rigeret,
241 4106 268 4156 id
287 4109 356 4172 quod
368 4123 397 4159 se
413 4105 539 4159 lecturum
559 4125 615 4160 esse
631 4110 686 4176 ipse
705 4120 791 4177 neget,
809 4127 892 4178 neque
912 4112 976 4164 tales
994 4117 1062 4172 sunt,
1080 4125 1147 4176 quse
1164 4111 1245 4176 ipsum

121 4189 226 4256 Epicurl
244 4193 370 4244 rationem
389 4195 465 4245 velde
482 4203 580 4246 mutere
598 4196 700 4248 valeant
718 4225 751 4235 -
775 4199 880 4248 recessit
898 4197 931 4249 eb
949 4213 979 4249 eo
1004 4211 1090 4248 rerum
1111 4201 1137 4246 et
1153 4196 1247 4246 sentis·

120 4288 181 4324 rum
198 4278 407 4344 explicandarum
424 4281 555 4334 ratione.“

1078 4371 1090 4418 1
