2978 4718
766 289 800 340 al

224 525 289 581 τα,
330 494 442 582 τέλος
483 487 528 570 δὲ
568 492 632 572 ὅτι
673 501 741 572 καλ
768 496 821 588 εἰς
861 497 990 575 τοῦτο
1030 496 1250 576 α’ναλύεται
1292 495 1345 576 aa?

223 615 371 696 πάντα,
395 621 467 704 („ex
488 622 581 686 initio
597 623 780 718 repetitura*
803 643 854 705 pg.
871 625 935 707 65.)

225 748 292 810 13.
317 745 373 808 18:
402 732 508 814 ὥστε
542 732 613 813 ἐοέν
650 737 737 840 εἴπῃ
766 735 931 836 ἄτομον
967 736 1218 835 ἄθραυστον
1245 740 1345 834 λέγει

222 865 291 939 καλ
309 829 693 953 οἶιιαιλῆοἶμύτοχον
718 858 851 936 κενοῦ·
879 855 944 934 ὅτι
971 849 1016 934 δέ
1042 863 1158 936 ἔστιν
1185 860 1346 957 ἄτομος

224 977 351 1080 σαφὲς
389 976 455 1054 καῖ
489 973 567 1076 γάρ
603 980 692 1052 ἐστι
726 979 919 1076 στοιχεῖα
956 974 1016 1054 dcl
1043 975 1146 1054 ὄντα
1173 986 1242 1055 καλ
1270 981 1318 1080 td

223 1095 322 1178 κενολ
350 1104 417 1172 καί
443 1095 465 1192 ἡ
491 1091 636 1192 μονύς.
666 1103 731 1186 (pg.
754 1105 804 1167 61.
828 1104 882 1185 65)

226 1227 240 1289 Ι
264 1225 313 1288 11.
338 1227 374 1288 3:
403 1213 498 1293 ὥστ’
516 1213 614 1293 εἶναι
641 1213 718 1294 cdv
735 1212 899 1312 κόσμον
918 1220 1037 1314 σῶμα
1061 1226 1126 1307 (pg.
1150 1227 1200 1289 bl.
1224 1227 1289 1308 65).

223 1347 255 1411 ll
280 1348 306 1409 1.
330 1344 366 1408 7:
401 1331 508 1412 ὥστε
542 1333 592 1411 ού
632 1332 681 1412 ud
710 1332 814 1413 αύτό
841 1334 942 1413 εἶναι
970 1333 1020 1415 τύ
1049 1338 1147 1415 ὅλον
1174 1345 1243 1416 καλ
1268 1335 1347 1416 τόν

222 1455 386 1556 κόσμον
425 1464 490 1543 (pg.
513 1462 576 1543 65).

223 1590 310 1653 113.
336 1589 367 1651 l:
392 1571 414 1652 ὅ
442 1579 531 1651 ἐστι
560 1572 793 1672 στρογγύλα
817 1583 881 1664 (pg.
906 1583 970 1664 65).

224 1703 272 1766 De
295 1701 361 1765 13.
393 1701 450 1765 18:
479 1689 578 1770 α’ναι
608 1687 652 1770 δὲ
679 1690 786 1771 adad
812 1691 914 1794 λόγῳ
955 1691 1148 1794 θεωρητά
1181 1739 1231 1747 -
1263 1687 1345 1772 ι”ιλια

224 1806 269 1891 δὲ
296 1818 411 1912 ἔχειν
439 1810 639 1912 σχήματα
658 1811 760 1914 λόγῳ
791 1812 983 1915 θεωρητά
1006 1821 1071 1904 (pg.
1095 1821 1166 1885 285.
1190 1823 1262 1886 286.
1292 1823 1346 1901 65)

224 1941 386 2006 Dielesius
408 1941 551 2022 ambigit.
598 1940 796 2019 Quibuscum
818 1943 846 2006 si
868 1942 1097 2032 contulerisrl
1120 1945 1192 2008 3.9
1230 1929 1256 2010 ολ
1295 1933 1347 2032 ἤν

221 2049 322 2153 λόγῳ
351 2051 546 2154 θεωρητοὶ
572 2046 710 2153 μόρια·
739 2051 789 2130 ού
816 2052 893 2155 γάρ
923 2050 979 2131 δεῖ
1006 2051 1144 2133 πάντα
1172 2059 1241 2131 ἐπὶ
1267 2051 1345 2152 τήν

224 2169 429 2271 αἴσθησιν
455 2170 635 2269 οἷνύνειν,
663 2169 728 2249 ὅτι
756 2169 882 2271 ἄρτος
909 2181 977 2249 καλ
1005 2171 1054 2251 τό
1082 2164 1188 2274 ὕδωρ
1216 2177 1345 2251 ταῦτα

222 2288 521 2377 κατασκευάζει,
549 2289 628 2369 αλλ’
668 2295 713 2368 ἐν
740 2290 906 2384 τούτοις
934 2297 1026 2370 ἐστὶ
1053 2291 1155 2392 λόγῳ
1186 2293 1346 2392 θεωρη-

223 2407 276 2486 τά
302 2409 430 2510 μόρια
454 2417 519 2501 (pg.
544 2420 629 2501 279),
645 2419 660 2480 1
678 2421 727 2485 ιι.
751 2422 788 2484 2:
817 2411 840 2490 ὅ
867 2419 957 2491 ἐστι
984 2416 1081 2504 νοῦς
1103 2421 1173 2506 lpg.
1197 2420 1272 2502 aaa)
1300 2418 1345 2482 m

223 2539 324 2602 311:
349 2535 372 2607 ὃ
400 2530 450 2628 ἦν
477 2531 592 2630 αύτῷ
617 2529 889 2629 αἰσθητικόν,
913 2558 986 2602 cum
1015 2539 1077 2600 alia
1106 2538 1261 2600 eiusmodi
1290 2556 1343 2600 ex-

224 2651 329 2730 empla
362 2630 483 2730 (ὥστε
507 2675 556 2684 --
577 2633 614 2730 ὅ)
637 2667 701 2712 nnn
723 2648 838 2728 adsint,
861 2667 986 2714 mecum
1007 2650 1085 2712 haec
1107 2648 1203 2712 verba
1233 2648 1343 2712 subdi·

223 2751 300 2815 tinia
336 2769 404 2815 esse
438 2751 649 2832 suspicabare.
708 2750 860 2816 Attamen
899 2753 982 2834 apud
1016 2751 1187 2818 Stcbaeum
1221 2771 1345 2836 quoque

224 2855 350 2918 exstant
387 2853 480 2917 verba
509 2851 658 2938 „corium
694 2839 779 2946 δ’ἤν
814 2846 924 2950 αὐτῷ
964 2844 1014 2926 τό
1056 2847 1346 2948 αι’σθι]τικόν.“

223 2958 310 3021 Haec
339 2975 375 3020 ex
398 2956 505 3021 eodem
528 2956 615 3022 fonte
639 2957 813 3036 fluxerunt,
837 2958 986 3042 quoniam
1009 2959 1071 3023 dun
1095 2959 1179 3023 idem
1203 2978 1266 3021 nnn
1288 2977 1344 3038 pn-

224 3062 357 3124 tuerunt
379 3058 580 3140 interpolare.
625 3057 712 3138 Quae
735 3079 786 3124 res
807 3061 909 3125 obiter
930 3061 1111 3126 intuentem
1133 3060 1226 3123 facile
1248 3059 1341 3122 fallit.

224 3162 335 3244 Neque
365 3180 437 3225 vero
462 3179 511 3224 me
534 3161 572 3225 de
595 3163 655 3225 hac
677 3181 711 3226 re
734 3162 789 3226 diu
813 3162 1008 3243 cogitantem
1029 3180 1107 3225 ansa
1128 3161 1254 3238 defecit,
1280 3179 1344 3242 qua

225 3263 441 3348 quaestionem
472 3264 551 3328 solvi
579 3282 670 3346 pesse
701 3263 853 3330 videbam.
905 3264 1128 3343 Quaerendum
1158 3264 1243 3328 enim
1265 3263 1345 3327 mihi

224 3385 293 3430 esse
321 3366 480 3443 intellexi,
508 3369 582 3430 utra
610 3368 770 3432 sententia
797 3367 966 3450 pristinam
995 3368 1127 3432 ferinam
1165 3367 1346 3443 servaverit,

224 3469 391 3534 Plutarchi
413 3488 454 3533 an
476 3467 611 3534 Stcbaei.
665 3469 703 3534 In
736 3471 795 3535 hac
828 3471 1013 3552 quaestione
1047 3470 1250 3534 diiudicanda
1282 3488 1345 3534 non

225 3572 301 3635 adeo
328 3589 439 3636 sumus
472 3571 637 3651 destituti,
660 3578 698 3638 ut
720 3574 935 3638 coniecturam
956 3573 1133 3654 periclitari
1155 3591 1220 3636 non
1242 3572 1345 3636 liceat.

227 3673 307 3738 Cum
335 3675 421 3738 enim
450 3675 617 3739 Plutarchi
647 3676 752 3741 lecum
782 3676 904 3740 duobus
927 3675 1067 3740 hiatibus
1090 3676 1250 3757 insignem
1279 3693 1346 3739 esse

226 3775 410 3860 videremiss)
433 3761 456 3839 ὅ
483 3760 534 3860 ἦν
561 3761 680 3862 αύτῷ
706 3758 975 3861 αἰσθητικόν,
1015 3779 1097 3843 hanc
1140 3777 1348 3843 additamenti

228 3879 363 3943 formam
392 3879 576 3961 primariam
608 3880 708 3947 fuisse
738 3879 868 3944 conieci.
921 3879 1056 3946 Nullum
1087 3881 1174 3946 enim
1202 3880 1346 3944 novimus

332 4137 368 4204 ³⁶)
386 4135 521 4190 Beuseler:
553 4137 592 4188 De
605 4137 677 4188 hictu
694 4137 881 4190 inclusoribus
899 4138 983 4192 atticis
1002 4145 1029 4190 et
1044 4137 1172 4189 historicis
1181 4137 1279 4203 graecis
1291 4136 1348 4186 libri

228 4224 287 4274 dno.
323 4223 461 4291 Fribergae
481 4225 555 4278 1841.
573 4240 616 4292 pg.
635 4225 695 4278 ula.
