2978 4718
768 343 802 394 30

708 413 860 422 -----

232 565 300 610 esse
322 545 491 612 intellectu
506 548 622 623 monet,
645 547 729 627 quod
744 547 909 612 vinculum
930 547 1074 629 posuerit
1089 547 1246 629 Epicurus
1270 548 1355 612 inter

230 649 365 732 primam
387 651 564 713 atomorum
579 648 825 714 declinationem
840 653 873 714 et
887 650 1085 714 voluntatem
1106 653 1258 728 nostram,
1282 669 1355 714 cum

230 753 313 816 banc
334 752 373 816 ab
396 752 511 816 exteris
534 751 648 816 atomis
671 752 804 817 liberam
827 771 895 816 esse
919 754 1059 816 statuere
1082 752 1237 818 debuerit.
1283 752 1355 832 Qua

231 856 269 919 de
291 873 325 920 re
348 855 492 936 quamvis
521 853 689 919 Lucretius
711 874 777 919 non
799 855 955 932 docuerit,
985 858 1093 919 tamen
1121 855 1219 919 facile
1248 856 1354 920 conie-

232 967 321 1023 ctura
334 975 502 1050 possumus
519 957 654 1039 assequi,
676 958 798 1022 animas
814 977 851 1022 ex
874 958 919 1022 eis
942 958 1056 1022 atomis
1072 975 1140 1022 esse
1156 957 1356 1040 compositae,

231 1061 265 1124 in
287 1060 403 1142 quibus
426 1059 608 1124 declinandi
630 1061 777 1125 voluntas
800 1063 833 1125 et
854 1061 930 1125 olim
953 1060 1017 1125 fuit
1038 1061 1071 1124 et
1097 1060 1282 1125 etiamnunc
1303 1061 1354 1124 in-

231 1165 290 1228 est.
334 1162 392 1226 list
414 1162 514 1244 igitur
536 1163 662 1228 animus
683 1182 734 1228 res
758 1182 791 1229 se
813 1183 943 1228 movens
963 1182 1066 1245 nequo
1089 1163 1165 1228 solis
1188 1163 1355 1244 gravitatis

231 1265 355 1347 legibus
378 1265 520 1330 subiecta
542 1265 598 1331 sod
620 1285 696 1332 suae
718 1266 819 1349 ipsius
834 1267 994 1331 voluntati
1008 1267 1239 1348 obtemperans.
1285 1266 1356 1346 Qua

232 1369 269 1431 de
301 1386 397 1432 causa
430 1369 610 1434 naturalem
642 1369 707 1434 vim
740 1370 851 1448 habet,
881 1388 944 1452 quo
966 1370 1106 1434 intendit
1134 1388 1168 1434 se
1191 1369 1230 1432 ad
1253 1387 1298 1446 ea,
1315 1369 1355 1442 in

232 1471 347 1552 quibus
381 1471 558 1553 cogitandis
590 1472 670 1537 velit
702 1473 830 1537 versari.
886 1472 992 1555 Atque
1025 1473 1133 1537 omnia
1165 1490 1238 1536 cum
1260 1473 1356 1554 plena

231 1576 339 1638 essent
362 1573 613 1651 simulacrorum,
637 1574 753 1656 quibus
775 1595 854 1658 opus
877 1578 927 1640 est
949 1576 988 1640 ad
1010 1575 1218 1657 cogitationes
1242 1591 1368 1638 creon--

232 1677 304 1752 daS,
334 1677 394 1740 hac
419 1673 549 1742 'ratione
583 1696 640 1741 suo
673 1678 742 1742 iure
764 1679 922 1761 Epicurus
945 1678 1055 1743 dooere
1078 1676 1197 1760 potuit,
1221 1676 1355 1739 liberam

232 1797 300 1843 esse
322 1779 539 1845 animantibus
562 1781 768 1858 voluntatem,
791 1781 875 1863 quod
897 1781 1023 1846 animus
1047 1799 1080 1845 se
1103 1782 1224 1844 vertere
1246 1780 1355 1859 posset

232 1881 271 1944 ad
293 1899 331 1946 ea
362 1881 551 1960 simulacra,
583 1884 698 1964 quibus
724 1885 854 1948 incitari
877 1886 962 1960 vult,
994 1886 1031 1948 ut
1054 1884 1200 1948 voluntas
1223 1899 1351 1962 corpore

232 1984 355 2048 animae
388 1984 506 2049 auxilio
537 1984 727 2052 efficeretur.
787 1986 913 2052 Diserte
944 1987 1032 2050 enim
1070 1985 1223 2068 explicuit
1253 1985 1355 2067 poeta,

232 2105 361 2151 necesse
383 2089 596 2152 esse.vertere
620 2107 653 2153 se
675 2089 819 2153 animum
841 2090 880 2153 ad
903 2090 1088 2153 simulacra:

914 2191 997 2270 „nisi
1019 2208 1053 2255 se
1076 2190 1241 2254 contendit
1263 2191 1355 2254 acute

232 2291 276 2356 IV
292 2293 354 2357 802
369 2311 437 2376 sqq.
460 2312 607 2372 „cernere
633 2313 698 2358 nou
723 2293 808 2378 potis
837 2299 886 2360 est
914 2295 1055 2360 animus:
1086 2293 1215 2377 proinde
1247 2292 1353 2357 omnia

726 2402 898 2481 quaesunt

317 2502 500 2581 „praeterea
520 2502 669 2582 pereunt:
692 2500 756 2564 nisi
779 2500 910 2582 siquae
935 2500 1029 2563 adse
1052 2501 1119 2580 ipse
1142 2497 1275 2580 paravit.

318 2601 406 2684 „ipse
428 2603 521 2683 parat
542 2619 610 2666 sese
633 2620 724 2682 porro
747 2604 916 2683 speratque
941 2601 1087 2665 futurum

205 2767 214 2784 ,
317 2706 375 2782 „ut
397 2703 503 2768 videat
524 2704 607 2786 quod
629 2704 835 2786 consequitur
857 2723 924 2768 rem
947 2720 1123 2786 quamque:
1147 2701 1185 2766 fit
1207 2719 1291 2783 ergo.

231 2805 276 2868 IV
292 2793 353 2870 814
369 2825 415 2888 sq.
439 2825 516 2884 „cur
538 2807 637 2888 igitur
659 2807 817 2885 mirumst,
840 2808 966 2872 animus
988 2807 1016 2871 si
1039 2810 1145 2872 cetera
1167 2804 1273 2888 perdit

317 2912 559 2991 „praeterquam
582 2909 698 2992 quibus
721 2911 826 2975 estin
848 2912 943 2976 rebus
965 2910 1091 2976 deditus
1114 2911 1214 2992 ipse.“

232 3011 371 3092 Negavit
386 3015 495 3076 autem
511 3030 547 3076 ea
560 3012 765 3094 potissimum
779 3014 951 3079 simulacra
972 3014 1008 3077 in
1023 3015 1162 3077 mentem
1183 3011 1355 3082 incurrere,

233 3113 350 3195 quibus
372 3114 442 3196 ipsa
464 3115 580 3179 lacessi
603 3116 709 3192 vellet,
732 3116 816 3196 quod
831 3117 859 3180 si
874 3118 973 3192 fieret,
996 3113 1177 3196 ponendum
1193 3115 1287 3186 esset,
1310 3110 1355 3172 si-

233 3218 381 3281 mulacra
402 3216 599 3282 voluntatem
622 3219 764 3281 nostram
786 3218 885 3283 tueri:
907 3217 952 3281 IV
976 3217 1034 3281 781

318 3338 420 3398 „anne
441 3321 638 3384 voluntatem
661 3323 804 3384 nostram
826 3321 997 3385 simulacra
1020 3321 1154 3384 tuentur

319 3424 372 3500 „et
394 3421 529 3486 simulac
552 3423 696 3487 volumus
719 3422 810 3488 nobis
833 3422 1143 3503 00011111111110101ιι

233 3525 302 3589 Hoc
324 3525 426 3603 modo,
450 3525 478 3589 si
501 3525 578 3607 quid
599 3524 699 3602 111100,
722 3525 853 3608 Epicuri
875 3526 913 3592 de
936 3526 1036 3591 libera
1057 3525 1221 3589 voluntate
1237 3523 1356 3588 doctri-

234 3645 308 3691 nam
330 3626 499 3693 decurrere
522 3629 583 3693 viri
606 3629 691 3694 docti
714 3633 855 3696 censent.
900 3629 1126 3711 Praeterquam
1143 3629 1250 3692 autem
1273 3625 1356 3707 quod

234 3749 274 3795 nc
296 3731 376 3794 haec
398 3730 527 3813 quidem
558 3732 726 3814 explicatio
754 3751 863 3797 omnes
892 3731 1017 3796 auferat
1038 3730 1269 3806 dubitationes,
1292 3730 1359 3791 tota

234 3833 273 3897 de
296 3850 360 3913 qua
381 3832 485 3898 adhuc
509 3833 655 3912 diximus,
678 3833 879 3899 doctrinam
901 3837 967 3900 tam
989 3833 1125 3899 infirmis
1141 3828 1358 3897 fundamentis

235 3934 362 4013 nititur,
385 3937 423 4000 ut
445 3934 576 4000 minime
599 3935 690 4000 nobis
712 3937 815 4018 possit
836 3937 972 4020 probari.
1016 3937 1235 4002 Nihilominus
1250 3936 1359 3999 tamen

235 4037 270 4102 iu
292 4055 329 4102 ea
349 4037 441 4102 nobis
464 4037 731 4120 acquiescendum
753 4045 853 4118 esset,
877 4041 905 4104 si
927 4060 991 4105 non
1013 4040 1076 4105 clia
1097 4040 1236 4109 exstaret
1258 4035 1357 4119 expli·

235 4140 328 4204 condi
356 4140 455 4218 ratio,
494 4159 557 4222 qua
584 4141 759 4224 Epicurum
792 4144 944 4209 sibinen
971 4143 1130 4208 adversari
1164 4146 1359 4212 videbamus.

234 4242 325 4308 Nova
346 4244 439 4323 haec,
462 4261 557 4326 quam
580 4245 621 4309 ud
641 4248 727 4311 recte
749 4246 1001 4330 perspiciendam
1024 4247 1154 4328 Epicuri
1182 4248 1358 4314 doctrinam
