2978 4718
758 377 791 428 34

214 582 339 662 pulsam
367 599 399 644 so
421 599 486 644 non
507 599 598 663 posse
621 599 745 645 movere
768 580 936 662 docuitffl),
970 581 1127 662 Epicurus
1150 585 1259 644 autem
1289 581 1337 646 fa-

215 684 370 747 cultatem
392 683 422 746 ei
445 683 609 759 adtribuit,
632 702 695 765 qua
717 683 787 765 ipsa
809 701 842 747 se
865 683 947 747 ciere
970 686 1086 764 posset,
1117 664 1337 768 πρόληψιν.

216 784 303 864 Quae
330 786 444 851 sitris
479 768 737 872 προλήψεως,
757 779 799 849 ¹ut
821 784 959 850 dilucide
985 788 1148 867 appareat,
1171 804 1221 848 res
1244 787 1338 867 paulo

215 888 314 952 altius
339 888 512 970 repetenda
534 890 592 952 est.

322 1007 481 1072 Sensuum
521 1009 743 1073 auctoritatem
784 1007 932 1090 Epicurei
964 1007 1082 1088 ubique
1100 1006 1219 1088 ¹secuti
1252 1011 1339 1083 sunt,

216 1110 332 1196 quippe
356 1106 434 1192 quos
457 1130 520 1175 non
543 1130 635 1194 posse
658 1129 762 1176 errare
792 1111 1027 1174 existimarent:
1061 1090 1202 1171 πάντα
1229 1097 1339 1190 ἔλεγε

216 1212 270 1290 τά
297 1213 484 1313 αἰσθητοὶ
512 1219 682 1294 τοιαῦτα
711 1213 964 1293 ὑποκεῖσθαι
991 1212 1114 1292 ὁποῖα
1148 1217 1338 1311 φαίνεται

216 1339 285 1412 κα)
301 1332 390 1412 κατ’
407 1331 619 1434 αἴσθησιν
636 1337 898 1436 προσπίπτει,
925 1327 1032 1432 μηδὲ
1056 1361 1160 1408 ποτε
1183 1325 1335 1430 ψευδο-

215 1453 343 1552 μένης
370 1456 443 1552 τῆς
470 1449 769 1553 αἰσθήσεως.43)
813 1462 950 1525 Probata
966 1462 1072 1524 cutem
1088 1459 1248 1523 sententia
1263 1476 1337 1521 seu-

217 1590 271 1634 sus
295 1589 422 1635 veraces
445 1591 513 1635 esse
536 1573 704 1654 omniaque
721 1573 867 1637 sensibus
889 1577 1047 1654 percepta,
1070 1590 1109 1635 ne
1131 1570 1234 1634 omnis
1257 1589 1338 1650 quae

217 1692 253 1737 ex
276 1674 321 1737 cis
343 1674 496 1755 penderet
517 1674 597 1738 ratio
621 1675 811 1751 concideret,
834 1675 900 1739 veri
922 1676 1052 1739 nuntios
1075 1691 1153 1749 esse,
1175 1691 1239 1736 non
1262 1672 1339 1735 adeo

217 1776 429 1856 experientiae
463 1770 639 1858 repugnare
673 1779 743 1841 ausi
777 1780 869 1855 sunt,
903 1780 941 1841 ut
972 1796 1030 1841 nos
1060 1793 1225 1857 nunquam
1246 1793 1338 1856 posse

217 1896 321 1941 errare
354 1878 504 1942 dicerent.
560 1878 651 1958 Quod
685 1881 813 1961 quidem
848 1880 1002 1962 placitum
1036 1898 1072 1943 co
1094 1879 1180 1943 tueri
1202 1880 1235 1942 et
1267 1895 1341 1940 cum

217 1999 369 2044 sensuum
403 1981 574 2045 veracitate
607 1981 799 2063 coniungere
834 1983 1043 2059 studuerunt,
1080 1981 1164 2063 quod
1203 1996 1340 2043 errorem

217 2102 281 2145 non
304 2084 370 2145 tam
392 2082 548 2159 sensibus
572 2101 666 2163 quam
689 2084 790 2148 menti
813 2084 1051 2165 tribueruntss).
1104 2083 1164 2146 Vix
1186 2084 1236 2146 est
1258 2080 1341 2163 quod

217 2203 362 2248 moneam
385 2185 443 2248 hoc
464 2186 533 2248 loco
547 2203 658 2266 parum
675 2186 736 2250 sibi
759 2190 903 2252 constare
925 2187 1119 2262 Lucretium,
1143 2203 1216 2248 cum
1239 2187 1340 2246 totam

217 2290 356 2351 mentem
379 2305 436 2351 seu
458 2287 615 2352 rationem
638 2306 656 2351 a
677 2289 824 2354 sensibus
847 2294 949 2355 ortam
972 2308 1039 2354 esse
1063 2287 1215 2369 explicat:

219 2406 263 2468 IV
285 2407 348 2470 482
370 2407 466 2487 „quid
488 2407 605 2471 maiore
628 2408 689 2472 fide
710 2427 802 2490 porro
823 2429 919 2491 quam
942 2428 1054 2474 sensus
1076 2407 1187 2472 haberi

305 2509 439 2585 „decem
462 2526 502 2572 an
525 2510 562 2572 ab
586 2529 682 2574 sensu
704 2510 785 2575 falso
806 2512 887 2574 ratio
910 2514 980 2575 orta
1002 2511 1128 2584 valebit,

304 2610 428 2687 „dicere
450 2629 502 2674 eos
525 2614 635 2675 contra
656 2631 737 2694 quae
759 2615 827 2675 tota
848 2613 886 2674 ab
909 2613 1055 2675 sensibus
1078 2612 1148 2674 orta
1170 2611 1242 2673 cst?

305 2713 380 2794 „qui
402 2713 465 2776 nisi
487 2716 563 2777 sunt
584 2715 659 2792 veri,
681 2716 762 2780 ratio
785 2733 909 2797 quoque
930 2713 1012 2778 falsa
1032 2713 1071 2776 fit
1092 2712 1225 2777 omnis.“

221 2831 282 2896 Sed
311 2851 406 2914 quam
439 2833 586 2897 Lucretio
618 2836 783 2917 opprobrio
817 2835 970 2899 vertimus
1003 2831 1267 2906 inconstantiam,
1308 2829 1341 2891 in

221 2953 289 2997 eam
312 2935 381 2998 ideo
404 2935 606 3016 potissimum
633 2940 757 3016 poetam
780 2936 1056 3019 philosophantem
1079 2935 1243 3016 delapsum
1272 2948 1340 2995 esse

219 3039 386 3118 putamus,
413 3037 496 3117 quod
525 3019 762 3124 προλήψεως
788 3040 877 3103 nullo
901 3041 968 3102 loco
996 3038 1190 3101 mentionem
1214 3033 1340 3097 faceret.

221 3138 383 3218 Quomodo
406 3157 540 3220 cumque
557 3141 634 3203 hacc
649 3159 699 3204 res
722 3159 755 3204 se
778 3141 883 3215 habet,
906 3159 942 3204 ex
958 3158 1108 3204 sensuum
1129 3154 1208 3218 quae
1231 3133 1343 3197 dicunt

221 3239 394 3304 mendaciis
427 3244 571 3322 apparet,
600 3242 728 3306 vinculo
756 3243 892 3323 quodam
914 3261 987 3306 cunr
1009 3243 1115 3304 mente
1139 3255 1250 3302 sensus
1273 3251 1342 3298 esse

221 3343 426 3406 consociatos
485 3342 586 3422 Quale
619 3347 726 3408 autem
760 3345 803 3408 sit
834 3345 915 3409 illud
944 3344 1109 3408 vinculum
1132 3358 1202 3404 cum
1230 3356 1287 3420 per
1309 3354 1342 3400 se

221 3463 285 3508 non
307 3447 416 3526 pateat
444 3463 502 3508 nec
535 3446 704 3510 Lucretius
737 3446 911 3528 quidquam
940 3446 978 3509 de
1008 3445 1076 3508 eius
1098 3442 1221 3507 ratione
1244 3441 1341 3504 docu-

222 3548 300 3623 erit,
329 3547 821 3612 accuratiusincohaerentiam
845 3566 998 3612 sensuum
1028 3564 1100 3610 cum
1124 3544 1229 3609 animo
1251 3541 1343 3605 nobis

222 3649 448 3731 inquirendum
484 3653 548 3728 est,
589 3651 777 3732 praesertim
813 3669 885 3714 cum
923 3668 992 3713 eam
1029 3649 1089 3713 viri
1126 3647 1211 3711 docti
1250 3645 1344 3727 plane

325 3872 359 3932 ⁴²)
381 3877 497 3937 οἰηθέντα
529 3877 552 3932 bt
573 3868 607 3938 50⁸
628 3873 667 3949 pri
689 3871 820 3948 urreopmr
854 3869 917 3931 ιιῦτῖ
939 3870 975 3948 μὴ
999 3875 1143 3946 ὶιδίχιιιθιιι
1166 3874 1232 3928 κινεῖν
1259 3861 1346 3942 ἕτερον,

223 3979 268 4035 u‘r'r
291 3977 426 4051 κινουμένων
448 4003 473 4034 τι
495 3967 536 4040 τοι
558 3975 649 4053 *buxia
669 3979 794 4046 ὑπέλαβον
816 3968 883 4034 εἶναι.
919 3983 1071 4034 Aristotelea
1096 3978 1152 4051 πιςὶ
1173 3970 1263 4048 *buxus
1282 3975 1299 4023 1=
1321 3976 1337 4024 2

326 4094 358 4158 ⁴³)
378 4095 471 4145 Sextus
489 4094 631 4160 Empiricos
650 4096 706 4144 adv.
725 4095 804 4145 math¹
824 4095 891 4144 vul
910 4094 959 4147 185
977 4110 1019 4160 pg.
1055 4093 1113 4144 327.

326 4196 358 4262 ⁴⁴)
378 4197 417 4247 lie
435 4198 484 4248 hac
502 4197 615 4246 doctrina
634 4198 751 4248 disseruit
763 4197 870 4250 iiceier:
904 4197 956 4258 ssut
968 4196 1037 4264 ωτι
1050 4205 1097 4248 bob
1111 4197 1151 4249 brt
1164 4191 1346 4260 &irrneotcabts

225 4278 349 4348 nebnuug
367 4279 401 4334 tm
419 4285 442 4336 4.
460 4279 540 4349 Eudo
559 4282 600 4336 tra
619 4279 708 4351 turrep.
746 4283 894 4336 Sachauren
913 4283 988 4336 1871.
1005 4298 1047 4352 με.
1065 4284 1106 4336 ‘20-
