2978 4718
679 347 712 398 25

634 417 772 430 -·-

136 552 340 632 scriptorem,
364 552 419 634 qui
441 552 518 615 adeo
540 552 735 617 adamaverit
755 551 879 628 hiatus,
909 554 946 615 ut
968 551 1006 614 de
1029 548 1188 613 industria
1214 548 1260 612 cis

135 660 254 742 scripta
280 659 445 724 refarciret
477 677 513 722 ac
536 656 743 732 deformaret,
777 655 861 737 quod
893 654 1022 736 quidem
1052 653 1259 717 statuendum

136 765 237 840 esset,
260 765 287 827 si
309 763 381 844 quis
404 761 532 826 Stobaei
554 760 833 842 interpolationem
855 757 1025 840 pristinam
1049 756 1183 820 formam
1206 775 1259 820 ex-

135 867 244 931 hibere
266 868 402 949 putaret.
453 865 585 930 Vitaudi
618 865 727 928 autem
749 862 857 926 hiatus
880 861 986 924 studio
1009 859 1259 941 epitomatorem,

136 969 227 1034 cuius
260 968 453 1050 florilegium
486 967 653 1033 Plutarchi
687 985 803 1031 nomen
837 983 912 1047 prae
946 983 980 1028 sc
1013 963 1094 1040 fert,
1129 964 1260 1027 ductum

135 1092 200 1137 non
223 1092 301 1148 esse,
331 1091 368 1136 ex
390 1071 556 1136 Bouseleri
578 1069 844 1135 commentatione
866 1067 944 1131 satis
967 1084 1124 1149 superque
1147 1066 1261 1132 elucet.

136 1175 243 1257 Atque
276 1177 355 1239 haec
389 1173 549 1238 scribendi
583 1173 696 1238 leuitas
730 1175 825 1255 atque
859 1170 984 1234 incuria
1022 1169 1261 1251 epitomatorem

138 1279 244 1360 ipsum
277 1278 374 1341 huius
408 1275 618 1340 additamenti
652 1277 813 1359 auctorem
846 1273 961 1357 prodit.
1026 1272 1175 1336 Exaravit
1206 1273 1262 1338 ille

137 1381 233 1444 uerba
255 1380 364 1462 inepta
378 1379 413 1443 in
427 1379 570 1461 margine
593 1379 669 1443 libri
684 1377 827 1460 Aetiiffl),
851 1377 945 1454 unde,
968 1377 1006 1441 ut
1025 1394 1118 1458 saepe
1141 1375 1263 1440 factum

138 1487 195 1560 cst,
219 1483 253 1546 in
277 1482 460 1546 continuam
476 1483 651 1547 orationem
667 1483 873 1563 irrepserunt.
918 1479 988 1560 Quo
1008 1479 1115 1542 autem
1129 1479 1263 1544 consilio

137 1586 198 1649 iste
231 1587 290 1649 hoc
323 1585 448 1662 fecerit,
482 1604 538 1666 pro
572 1588 658 1649 certo
692 1584 846 1650 affirmari
875 1583 996 1666 nequit,
1018 1601 1121 1663 neque
1151 1600 1263 1664 operae

135 1689 276 1770 pretium
309 1691 358 1752 est
385 1706 550 1769 quaerere,
565 1705 568 1709 ·
583 1690 693 1752 utrum
730 1687 885 1769 castigare
912 1685 1050 1750 voluerit
1079 1685 1262 1766 Epicurum,

137 1791 221 1871 quod
250 1791 289 1854 ad
322 1792 405 1854 hanc
436 1790 651 1854 substantiam
687 1790 826 1854 nominis
864 1792 1022 1870 expertem
1056 1787 1263 1868 confugisset,

138 1910 218 1973 quae
246 1910 438 1973 quamquam
467 1893 586 1975 pariter
614 1895 776 1957 constaret
804 1911 840 1956 ex
870 1890 998 1968 atomis,
1030 1890 1115 1954 idem
1143 1891 1264 1955 valeret·

138 1996 234 2074 atquc
258 1994 341 2076 apud
364 1994 441 2059 alios
468 1995 672 2078 philosophos
695 2014 784 2060 urens
799 1995 856 2059 illa
880 1994 988 2058 divina
1001 1993 1264 2076 immortalisque,

136 2115 178 2159 an
199 2096 379 2178 philosophi
394 2099 489 2162 verba
503 2118 567 2163 uon
589 2101 675 2162 recto
697 2097 900 2162 intellexerit.
951 2096 1263 2160 Pseudo-Plutarchi

136 2199 232 2264 verba
253 2197 423 2278 Stobaeus‚
454 2202 508 2283 qui
533 2201 618 2265 nihil
640 2201 804 2282 antiquius
826 2199 963 2288 habuit,⁸
977 2217 1073 2280 quam
1096 2201 1133 2263 ut
1153 2199 1261 2263 hiatus

131 2301 273 2383 uitaret,
307 2303 354 2366 ita
375 2304 525 2378 mutavit,
556 2307 593 2367 ut
615 2303 769 2367 scriberet
803 2289 932 2364 τοῦτο
956 2281 1043 2384 δ’ἤν
1075 2285 1187 2386 αὐτῷ
1213 2283 1263 2362 τό

138 2387 406 2486 αἰσθητικόν.
447 2405 496 2468 De
518 2405 676 2485 particula
704 2383 748 2466 δὲ
771 2405 967 2487 suppletoria
996 2424 1015 2469 a
1043 2403 1177 2469 Stobaeo
1207 2403 1262 2468 ad-

139 2505 208 2570 dita
230 2506 301 2571 vide
323 2506 501 2571 Dialesium
522 2525 575 2588 pg.
599 2507 649 2572 68.
694 2506 762 2572 Aut
783 2510 875 2572 caute
890 2511 1036 2573 versatus
1059 2510 1108 2571 est
1128 2507 1163 2571 in
1177 2505 1265 2570 Aetii

139 2608 220 2672 libro
248 2609 458 2674 describendo
489 2609 707 2674 Theodoretns
737 2611 794 2674 aut
822 2611 953 2675 meliore
986 2611 1093 2675 codice
1115 2629 1193 2674 usus
1217 2612 1266 2673 est

138 2727 233 2789 quam
257 2711 427 2789 stateem,
450 2713 507 2794 qui
528 2714 611 2777 hona
632 2713 694 2777 fide
717 2713 884 2777 Plutarchi
907 2713 1055 2776 laciniam
1078 2715 1112 2778 in
1140 2715 1265 2777 textum

137 2811 260 2892 recepit
288 2831 390 2894 neque
419 2816 548 2879 veroin
579 2817 639 2880 hoc
674 2816 890 2880 additamento
924 2816 1099 2897 acquievit,
1133 2815 1205 2892 sed,
1228 2818 1266 2880 ut

138 2933 217 2996 opus
259 2919 439 2994 coronaret,
477 2918 515 2981 de
556 2935 612 2982 suo
655 2918 834 3000 explicandi
876 2935 973 2981 causa
1007 2919 1085 2982 haec
1127 2917 1264 2982 addidit:

137 3012 192 3095 ὦν
219 3016 269 3097 ro*
296 3019 377 3116 μὲν
403 3024 568 3119 πνεῦμα
595 3027 767 3121 κίνησιν,
797 3016 926 3100 oded
952 3021 1051 3120 οἷέρα
1077 3020 1264 3124 ἠρεμίαν,

138 3135 187 3214 τό
223 3131 267 3216 δὲ
304 3136 474 3239 θερμόν
509 3138 585 3239 τήν
622 3147 878 3242 φαινομένην
906 3139 1154 3243 θερμότητα
1188 3145 1265 3220 τοῦ

139 3253 347 3356 σώματος,
376 3257 427 3336 ro*
446 3252 490 3338 δὲ
517 3257 871 3358 οἷκατονόμοιστον
898 3257 973 3359 τήν
998 3269 1042 3340 ἐν
1066 3261 1164 3361 ἡμῖν
1191 3267 1263 3360 ἐμη

142 3378 274 3453 ποιεῖν
301 3378 528 3477 αέσθησιν·
555 3387 599 3458 ἐν
632 3375 767 3458 οὐδενὶ
790 3378 867 3478 yolo
895 3385 979 3458 τῶν
1007 3380 1265 3481 ὀνομαζομέ-

138 3525 220 3573 νων
250 3496 472 3594 στοιχείων
499 3499 598 3578 εἶναι
626 3500 839 3602 αἴσθησιν.
876 3507 959 3587 Ergo
969 3508 1005 3572 in
1021 3509 1135 3573 atomis
1163 3509 1263 3573 trium

142 3614 265 3678 animae
281 3615 421 3697 partium
436 3636 549 3682 sensus
564 3637 628 3682 non
644 3621 702 3683 ost.
740 3619 793 3682 An
807 3619 840 3682 in
856 3622 987 3700 quartae
1001 3621 1102 3702 partis
1125 3621 1264 3684 atomis?

138 3716 230 3780 Hanc
253 3717 429 3782 doctrinam
446 3721 484 3784 ab
498 3721 635 3803 Epicuro
658 3721 886 3786 alienissimam
910 3741 979 3786 esse
1003 3723 1082 3787 satis
1105 3741 1263 3806 superque

93 3839 95 3844 ¹
139 3836 236 3901 supra
259 3820 466 3886 ostendimus.

547 3951 851 3960 -—.----.--—-—.-—

239 4178 271 4244 ³⁷)
291 4179 332 4230 Dc
349 4179 482 4246 inquinato
500 4181 596 4244 codiee,
617 4196 668 4247 quo
688 4183 727 4233 nsi
745 4183 795 4234 sint
812 4183 969 4235 Plutarchus
987 4190 1012 4235 ct
1030 4183 1165 4245 Stobrcus,
1183 4184 1262 4252 disses

137 4265 187 4314 ruit
206 4264 331 4316 Diclesius
349 4281 393 4332 pg.
411 4267 453 4320 to.
